2411 3275
1079 303 1385 343 -13-‘

245 421 453 481 quaedam
485 422 787 481 conspiciatur,
829 421 908 464 sed
944 423 1077 465 nativa
1117 421 1295 465 latrandi
1330 423 1544 482 cupiditas.
1628 426 1766 477 Quare
1803 434 1994 465 veterum
2022 423 2212 465 nonnulli

242 515 390 542 vocem
433 497 725 558 ὑλακόμωροι·
771 499 1029 542 adaesensum
1060 514 1146 542 non
1182 500 1288 542 male
1329 492 1596 543 declararunt
1635 499 1891 549 ὑλακτικός.
1960 500 2045 540 Cfr.
2096 500 2208 539 Suid.

246 589 288 618 et
318 579 449 633 Etym.
479 593 509 617 s.
543 594 577 618 v.

379 658 388 672 “
1171 652 1211 707 §-
1234 653 1273 696 8.

365 744 446 795 Qui
479 742 731 787 difficiliores
760 759 883 786 voces
914 746 969 785 ita
1000 754 1246 801 perspectas
1278 742 1455 791 habent,
1494 754 1539 783 ut
1576 741 1786 783 radicibus
1822 742 2047 798 compertis
2083 741 2209 798 signi-

241 819 479 861 ficationem
509 820 749 877 primariam
790 820 871 861 suis
904 820 1093 861 terminis
1135 817 1311 860 definire
1352 816 1533 875 possint,
1577 817 1620 856 in
1652 815 1821 872 singulis
1854 826 1994 855 tamen
2032 816 2209 871 scripto-

240 910 334 934 rum
365 893 467 935 loeis
497 911 604 951 quae
633 896 941 951 significationis
963 897 1022 936 vis
1054 894 1238 935 tenenda
1271 895 1342 941 sit,
1374 908 1458 934 non
1490 908 1660 949 semper
1690 903 1976 948 assequuntur.
2044 892 2208 930 Etenim

241 969 464 1011 multorum
495 970 794 1013 vocabulorum
826 972 938 1013 notio
972 982 1165 1028 tempore
1200 981 1402 1020 mutatur,
1452 985 1546 1010 cum
1586 967 1859 1026 populorum,
1906 979 1991 1007 tum
2025 966 2206 1022 singulo-

240 1060 333 1085 rum
366 1047 616 1105 scriptorum
636 1062 712 1088 usu
739 1048 851 1088 varie
878 1047 1138 1088 constituitur
1170 1057 1293 1104 atquc
1318 1061 1369 1086 ex
1390 1046 1585 1087 orationis
1620 1057 1816 1085 contextu
1843 1044 2005 1100 pendet
2031 1044 2210 1100 loquen-

240 1124 377 1178 tisque
410 1134 551 1162 mente
571 1153 582 1171 ,
616 1139 722 1179 quae
758 1135 824 1164 aut
857 1125 1121 1180 primariam,
1155 1135 1223 1163 aut
1254 1123 1504 1171 derivatam,
1549 1133 1618 1161 aut
1649 1123 1887 1179 propriam,
1937 1133 2005 1160 aut
2038 1120 2210 1160 transla-

240 1208 322 1237 tam
352 1199 434 1237 vim
462 1198 724 1239 statuendam
757 1215 847 1240 esse
877 1200 1006 1240 iubet.
1087 1200 1194 1240 Cum
1235 1200 1477 1255 interpretis
1516 1215 1613 1239 eura
1666 1198 1881 1253 singularis
1917 1196 2110 1253 ponenda
2158 1199 2208 1236 sit

240 1272 283 1311 in
317 1272 532 1322 orationis,
566 1288 692 1329 quam
724 1282 962 1330 pertractat,
995 1284 1139 1314 natura
1171 1273 1513 1332 singulorumque
1548 1272 1845 1314 vocabulorum
1868 1274 2040 1321 ratione,
2074 1271 2214 1312 videa-

239 1363 356 1397 mus,
387 1347 491 1404 quid
524 1348 579 1389 de
613 1364 714 1391 voce
750 1347 939 1404 Educ-’poc
980 1349 1093 1407 apud
1132 1351 1363 1398 Homerum
1401 1349 1671 1390 iudicandum
1703 1352 1764 1390 sit.
1841 1351 1905 1389 De
1943 1365 2023 1404 qua
2058 1349 2213 1388 etiamsi

238 1434 422 1464 nostram
453 1423 567 1464 illam
600 1423 920 1482 disputationem
950 1427 1305 1483 comprobaveris,
1333 1440 1419 1466 non
1452 1437 1588 1466 tamen
1619 1441 1734 1465 mens
1764 1426 1976 1465 homerica
2010 1424 2140 1464 facilis
2175 1436 2213 1463 et

238 1511 384 1558 aperta
418 1511 502 1552 est3
548 1516 686 1559 neque
732 1501 909 1559 simplex
943 1514 1066 1560 atque
1108 1503 1372 1544 consentiens
1421 1502 1700 1558 interpretum
1739 1503 1941 1541 sententia
1991 1502 2211 1556 reperitur.

239 1575 318 1614 sed
349 1577 392 1614 in
426 1576 515 1637 alii-s
547 1576 649 1625 alia,
684 1588 753 1617 aut
783 1577 909 1626 falsa,
942 1590 1012 1618 aut
1042 1580 1176 1619 minus
1205 1581 1428 1635 perspicua
1461 1595 1507 1619 ac
1545 1578 1722 1618 definita.
1790 1581 1875 1618 Iam
1903 1591 1968 1624 ut,
2004 1578 2107 1633 quid
2137 1594 2213 1632 ego

240 1652 426 1699 sentiam,
462 1650 647 1708 eloquar,
680 1652 722 1692 in
755 1655 1107 1708 argumentatione
1149 1653 1427 1711 proponenda
1463 1649 1626 1695 secutus
1662 1670 1749 1694 sum
1794 1667 1833 1694 et
1868 1669 2038 1694 sensum
2072 1669 2212 1693 meum

240 1726 600 1784 qualemcunque,
636 1739 677 1767 ct
711 1727 912 1768 rationem
948 1728 1151 1785 loquendi
1186 1746 1279 1770 cum
1307 1729 1469 1770 duobus
1499 1730 1578 1769 illis
1607 1729 1721 1779 locis,
1759 1741 1841 1769 tum
1878 1732 2066 1770 universa
2093 1731 2212 1786 poesi

238 1802 451 1847 homerica
490 1805 719 1861 probatam.
784 1805 975 1862 Utroque
1014 1804 1107 1846 loco
1144 1806 1210 1860 (Jl.
1245 1800 1291 1854 δ,
1327 1803 1428 1848 242.
1472 1800 1512 1856 ξ,
1548 1804 1670 1856 479.)
1724 1804 1908 1863 ἰόμωροι
1953 1805 2005 1845 ad
2039 1807 2213 1860 Argivos

237 1879 433 1919 refertur.
483 1880 629 1920 Priore
661 1879 836 1937 quidem
862 1881 913 1920 ab
929 1881 1241 1938 Agamemnone
1276 1893 1497 1938 usurpatur
1513 1893 1693 1922 catervas
1718 1882 1972 1922 Achivorum
2004 1883 2210 1927 obeunte;

239 1970 515 2013 quoscunque
545 1972 694 2014 segnes
726 1967 767 1997 et
799 1966 1041 1998 cunctantes
1068 1958 1289 2007 inveniret,
1316 1946 1385 1999 eos
1416 1959 1527 2015 gravi
1562 1960 1745 1999 oratione
1783 1959 2022 2014 obiurgasse
2048 1958 2212 1999 dicitur.

239 2033 350 2072 cuius
379 2033 541 2073 initium
573 2045 651 2082 cst,

662 2104 852 2164 Ἀργεῖοι
885 2104 1087 2166 ἰόμωροι,
1124 2101 1342 2164 ἐλεγχέες,
1379 2103 1432 2146 οὕ
1464 2119 1518 2146 νυ
1551 2103 1772 2163 σέβεσὲες

237 2183 382 2223 Altero
417 2184 512 2224 loco
538 2186 724 2233 Acamas,
757 2185 843 2223 dux
874 2186 1070 2232 troianus,
1101 2199 1195 2223 cum
1210 2184 1487 2223 Promachum
1521 2183 1762 2230 occidisset,
1792 2186 1834 2222 in
1853 2185 2029 2224 Achivos
2064 2198 2210 2238 super-

234 2259 327 2299 bius
362 2260 593 2309 invehitur,
627 2261 689 2301 his
721 2260 860 2302 verbis
893 2260 1120 2316 incipiens,

664 2330 856 2391 Ἀργεῖοι
885 2330 1095 2392 ἰόμωροι,
1129 2330 1356 2374 ἀπειλάων
1391 2329 1624 2390 ‹iudea-coa!

1137 2457 1171 2511 g.
1196 2456 1234 2498 9.

354 2546 479 2599 Quod
509 2546 722 2604 epitheton
756 2562 850 2587 cum
881 2562 1086 2605 nusquam
1119 2546 1216 2588 alias
1252 2545 1413 2604 legatur
1444 2562 1579 2605 neque
1612 2548 1714 2592 eiu&
1735 2545 1792 2585 vis
1836 2545 1914 2585 illis
1950 2545 2052 2587 locis
2088 2549 2199 2587 omui

233 2636 283 2661 ex
314 2633 433 2677 parte
468 2621 646 2670 eluceat,
696 2623 995 2678 oriturffprima
1028 2626 1215 2679 quaestio
1249 2623 1302 2664 de
1344 2624 1533 2665 dictionis
1571 2632 1736 2668 natura„
1785 2634 1924 2661 utrum
1970 2625 2200 2663 honorifica

232 2699 305 2747 sit,
338 2713 487 2739 necne.
553 2698 599 2738 In
632 2699 826 2754 primaria
860 2696 1035 2754 quidem
1068 2699 1367 2755 significatione
1402 2714 1530 2754 eaque
1555 2698 1728 2753 proprie
1766 2709 1807 2737 et
1839 2714 1917 2753 per
1955 2714 1996 2738 se
2019 2711 2201 2755 spectata
