2411 3275
1025 223 1300 263 —2—

169 347 388 392 recensum
422 334 638 383 faciamus,
683 349 728 378 ut
779 354 888 396 quae
923 340 1101 397 antiquis
1146 358 1294 399 magua
1340 357 1466 385 onera
1513 359 1601 385 esse
1635 345 1902 397 videbantur,
1954 344 2146 389 facillima

167 423 293 466 saepe
329 424 457 467 opera
491 410 701 451 sublevari
734 424 858 470 atque
892 414 982 455 tolli
1013 431 1160 472 posse,
1196 433 1244 459 ex
1277 419 1353 460 hac
1387 417 1675 477 disquisitione
1709 432 1918 479 appareat.

1109 539 1145 592 §-
1180 541 1221 582 2.

294 641 327 678 1.
393 639 455 679 Ac
489 640 671 695 primum
705 638 874 696 quidem
911 638 1100 698 ἱόμωρος
1132 647 1410 702 compositum
1444 663 1534 689 esse
1569 647 1721 689 dicitur
1755 649 1806 689 ab
1842 646 1933 699 ἰός,
1964 654 2144 706 sagitta,

166 726 205 755 et
237 709 353 771 ὥρα,
389 714 584 754 custodia
617 711 868 773 (φροντίς),
917 718 972 757 ita
1005 729 1048 757 ut
1080 733 1115 773 μ
1147 722 1348 762 insertum
1380 725 1433 764 sit
1465 735 1637 782 totoque
1671 724 1873 766 vocabulo
1908 726 2144 782 signififi-

163 804 232 833 tur
265 790 341 832 ἰῶν
388 790 599 847 φύλακες.
649 791 790 847 Schol.
821 792 875 832 ad
905 793 956 834 Jl.
990 788 1029 842 δ,
1065 794 1166 839 242.
1253 800 1370 841 Hanc
1409 802 1816 857 interpretationem,
1862 818 1988 858 quam
2023 804 2144 843 etiam

163 867 400 909 Eustathius
433 865 487 906 ad
517 865 568 907 ΙΙ.
602 883 643 923 p.
673 865 786 917 467,
820 869 891 912 37.
936 882 977 912 et
1002 887 1044 928 p-
1078 872 1182 922 998,
1214 871 1284 917 48.
1327 887 1641 926 commemorat,
1677 877 1890 918 Dammius
1921 877 1998 917 lex.
2032 879 2141 919 hom.

163 944 239 984 sub
271 958 372 983 voce
407 940 597 1002 ἱόμωρος
630 944 802 1001 quidem
846 960 933 988 non
962 959 1123 989 secutus
1158 961 1240 998 est,
1284 950 1359 991 sed
1392 951 1445 993 ad
1485 968 1629 995 vocem
1671 950 1961 1010 ὑλακόμωρος
2010 955 2142 1012 expli-

165 1020 342 1063 candam
377 1020 580 1060 adhibuit.

285 1099 431 1141 Aliter.
466 1096 756 1155 ἰόμωροι,οἱ
787 1095 887 1155 περὶ
918 1097 1014 1147 ἰοὺς
1045 1100 1352 1157 πεπονημένοι.
1398 1104 1537 1146 Schol.
1568 1104 1621 1145 ad
1653 1105 1703 1145 Jl.
1736 1099 1788 1155 δ,
1821 1105 1920 1150 242.
1962 1108 2139 1162 Hesych.

160 1192 190 1217 5.
224 1191 260 1217 v.
292 1174 429 1232 Etym
462 1174 568 1225 472,
602 1175 673 1217 57.

283 1250 432 1292 Aliter.
463 1251 699 1292 Eustathius
732 1249 786 1291 ad
812 1249 864 1291 Π.
896 1266 938 1308 p.
970 1249 1073 1300 467,
1106 1248 1177 1292 34.
1210 1252 1315 1293 haec
1347 1253 1490 1302 habet,
1524 1253 1709 1312 ἰόμωροι
1741 1248 1791 1296 δὲ
1825 1251 1902 1297 νῦν
1935 1253 2028 1297 ἀπὸ
2061 1255 2139 1312 με’-

158 1341 262 1385 ρους
294 1326 340 1368 οἱ
371 1326 522 1374 ἁπλῶς
554 1325 868 1381 πολεμισταί,
897 1325 1053 1385 κυρίως
1082 1321 1131 1368 δὲ
1165 1327 1209 1366 οἱ
1241 1326 1341 1384 περὶ
1370 1326 1479 1385 βέλη
1512 1330 1836 1388 μεμορημένοι,
1869 1328 1896 1372 ὅ
1927 1333 2032 1373 ἐστι
2063 1348 2140 1373 κα-

158 1403 471 1453 κοπαθοῦντες
503 1404 550 1445 ἐκ
591 1398 677 1446 τοῦ
708 1400 867 1462 μόρος,
908 1397 934 1445 ὃ
979 1397 1112 1452 δηλοῖ
1150 1402 1233 1452 τὴν
1276 1403 1593 1449 κακοπάθειαν
1609 1440 1620 1459 ,
1668 1405 1942 1456 ἐπιταθέντος
1984 1409 2069 1449 τοῦ
2100 1423 2137 1451 ο.

162 1481 247 1522 Cfr.
281 1482 466 1523 Eustath.
500 1480 553 1521 ad
585 1481 635 1521 Jl.
668 1497 709 1538 p.
739 1480 843 1530 998,
875 1478 947 1522 45.
982 1479 1121 1522 Schol.
1155 1483 1208 1523 ad
1242 1482 1293 1523 Jl.
1326 1478 1375 1536 ξ,
1411 1480 1513 1525 479.
1547 1481 1743 1539 Apollon.
1788 1482 1915 1541 Soph.
1949 1482 2029 1525 lex.
2063 1484 2139 1524 ho-

155 1574 256 1599 mer.
292 1575 320 1598 s.
356 1575 390 1598 v.
424 1558 603 1614 Hesych.
637 1573 667 1597 s.
702 1573 736 1597 v.
769 1558 903 1614 Etym.
937 1555 1039 1605 473,
1077 1560 1114 1597 1.

281 1636 427 1676 Aliter.
463 1631 677 1691 ἰόμωροι,
708 1632 792 1681 ἰοῖς
819 1636 986 1690 μοῖραν
1020 1626 1230 1682 δίδοντες.
1264 1634 1402 1676 Schol.
1433 1635 1486 1676 ad
1517 1635 1567 1675 Jl.
1597 1631 1642 1684 ξ,
1670 1635 1772 1679 479.
1807 1638 1890 1676 sive
1917 1635 1962 1676 οἱ
1994 1634 2134 1693 μόρον

157 1711 449 1764 ἐμποιοῦντες
481 1710 529 1751 ἐν
563 1709 676 1760 ἰοῖς,
705 1707 889 1750 ἐκτάσει
921 1711 1007 1749 τοῦ
1040 1722 1064 1749 ο
1098 1708 1158 1758 εἰς
1185 1724 1217 1750 ω
1248 1707 1377 1765 μέγα.
1411 1711 1594 1752 Eustath.
1626 1710 1680 1751 ad
1710 1711 1760 1751 Jl.
1796 1728 1837 1768 p.
1870 1712 1972 1760 998,
2008 1711 2078 1753 45.

279 1785 428 1826 Aliter.
472 1782 688 1841 ἰόμωροι,
734 1784 829 1831 ἰοὺς
863 1779 975 1833 ὀξεῖς
1009 1779 1216 1840 ’έχοντες”
1260 1783 1400 1841 μόρον
1433 1784 1516 1843 γὰρ
1559 1782 1617 1826 τὸ
1651 1781 1729 1835 ὀξὺ
1763 1782 1982 1844 Κύπριοι,
2026 1782 2134 1828 ὅθεν

155 1857 234 1902 καὶ
265 1858 567 1917 ὑλακόμωροι.
614 1859 754 1902 Schol.
788 1859 843 1900 ad
874 1859 925 1900 Jl.
959 1855 1005 1909 ξ,
1034 1858 1136 1903 479.
1182 1861 1256 1905 cfr.
1283 1861 1467 1903 Eustath.
1499 1862 1554 1902 ad
1586 1861 1637 1902 ΙΙ.
1668 1878 1710 1919 p.
1745 1862 1848 1911 998,
1879 1861 1953 1905 47.
2017 1864 2134 1904 Hanc

156 1938 549 1994 interpretationem
576 1937 809 1978 Aristarchi
844 1951 945 1983 esse,
980 1947 1154 1992 apparet
1184 1953 1233 1977 ex
1261 1936 1395 1978 lexico
1416 1937 1630 1995 Apollonii
1663 1939 1903 1995 Sophistae‚
1936 1941 2010 1997 qui
2034 1939 2134 1980 reli-

156 2030 259 2070 quas
296 2027 417 2054 voces
456 2012 688 2054 homericas
732 2014 776 2053 in
808 2018 1008 2058 ΜΩΡΟΣ
1035 1999 1232 2054 exeuntes
1277 2013 1422 2054 eadem
1454 2015 1612 2055 ratione
1641 2014 1856 2056 *declarari
1891 2015 1987 2057 vult.
2048 2015 2132 2057 Cfr.

157 2089 342 2131 Eustath.
376 2087 431 2129 ad
469 2087 551 2130 Od.
576 2105 618 2146 p.
657 2086 787 2139 1749,
822 2088 891 2131 36.
924 2089 1059 2148 Etym.
1094 2087 1195 2139 776,
1229 2090 1286 2132 22

282 2165 426 2207 Aliter.
457 2162 672 2223 ἰόμωροι,
716 2164 811 2214 ἰοὺς
852 2161 964 2215 ὀξεῖς
996 2158 1179 2223 ἔχοντες
1220 2164 1298 2206 καὶ
1327 2160 1390 2206 δι’
1421 2165 1573 2207 αὐτῶν
1604 2162 1629 2214 ἢ
1663 2162 1708 2215 ἐξ
1740 2166 1892 2207 αὐτῶν
1924 2164 2080 2223 μόρον,
2108 2162 2136 2207 ὅ

156 2241 263 2283 ἐστι
295 2239 526 2293 θάνατον,
566 2240 871 2300 ἐπιφέροντες.
937 2244 1006 2285 Sic
1045 2243 1276 2299 Hesychius
1310 2258 1339 2284 s.
1369 2258 1404 2285 v.
1468 2242 1517 2282 In
1561 2259 1642 2300 qua
1676 2242 1919 2284 definitione
1955 2254 2131 2299 utraque

158 2319 428 2376 significatio,
459 2335 583 2376 quam
615 2320 685 2360 alii
716 2322 811 2362 voci
842 2318 976 2380 μόρος
1005 2321 1262 2367 tribuerunt,
1312 2313 1392 2367 ὀξύ
1423 2329 1464 2359 et
1494 2320 1636 2376 μοῖρα
1667 2320 1753 2360 sive
1786 2316 1991 2365 Seiron-04·
2036 2332 2135 2359 con-

157 2404 300 2437 iuncta
334 2406 407 2435 est.

280 2467 425 2509 Aliter.
459 2466 672 2527 ἰόμωροι,
717 2467 762 2511 οἱ
795 2466 895 2527 περὶ
923 2467 1005 2515 τὴν
1039 2466 1196 2527 μάχην
1228 2468 1305 2511 καὶ
1348 2468 1434 2512 τὸν
1474 2466 1676 2523 πόλεμον
1719 2466 2133 2528 ἀναστρεφόμενοι.

156 2543 299 2586 Schol.
331 2543 384 2586 ad
412 2545 463 2585 Jl.
496 2540 541 2595 δ,
578 2544 681 2589 242.
744 2546 904 2598 Quibus
949 2546 1086 2587 verbis
1135 2561 1220 2586 non
1265 2544 1557 2603 etymologiam
1604 2543 1818 2593 vocabuli,
1868 2543 1943 2585 sed
1987 2554 2134 2602 poetae

158 2632 343 2664 mentem
376 2622 624 2679 generaliter
657 2633 699 2665 et
727 2623 859 2666 minus
896 2623 1064 2665 definite
1099 2622 1388 2682 grammaticus
1422 2620 1492 2662 ille
1525 2621 1756 2677 proposuit.
