2411 3275
1036 249 1343 290 ...17-

209 364 360 407 tissima
393 366 630 409 testimonia
661 368 706 408 iu
736 367 911 408 Homeri
942 367 1194 410 carminibus
1228 371 1538 420 contineantur,
1594 386 1722 412 unum
1769 371 1911 413 locum
1953 373 2180 413 accuratius

209 439 548 501 cousideremns,
592 442 665 500 qui
695 443 741 485 iu
771 442 903 484 Iliade
945 437 1006 499 (λ,
1039 442 1160 498 385.)
1210 447 1440 487 rectissime
1487 458 1528 486 et
1575 446 1628 486 ad
1671 448 1925 504 optimorum
1975 447 2178 488 librorum

206 516 337 558 fidem
398 518 749 576 antiquorumque
804 519 1169 575 gramaticorum
1230 523 1516 565 auctoritatem
1576 524 1619 563 in
1655 515 1817 565 *Wolfii
1883 523 2069 565 editione
2124 525 2180 563 sic

210 592 457 643 exhibetur,
1766 577 1773 583 .

576 665 777 723 τοξότα,
808 668 1035 730 λωβητήρ,
1067 667 1173 729 κέρα
1205 667 1367 727 ἀγλαέ,
1399 671 1740 729 παρθενοπῖπα.

330 749 485 790 Mirum
519 761 593 800 est,
628 763 778 809 quanta
813 764 856 801 et
884 767 1013 810 quam
1044 752 1155 792 valia
1183 753 1234 791 sit
1261 753 1540 823 interpretum
1574 760 1614 789 et
1636 750 1914 806 anfiqumum,
1953 761 1992 789 et
2024 766 2177 790 iem-11-

206 824 359 866 tiorum
391 824 658 883 disceptatio
672 812 789 883 (vide
820 826 975 886 Heynii
994 824 1049 874 ad
1069 827 1109 867 h.
1130 825 1156 867 l.
1182 827 1266 867 obs.
1299 820 1487 881 itemque
1518 824 1647 867 schol.
1684 836 1724 864 ct
1745 825 1927 865 Eustath.
1961 824 2025 864 ad.
2050 827 2086 865 h.
2116 822 2178 880 1.),

207 915 301 940 cum
342 900 411 940 alii
454 901 675 942 nonnullas
713 918 836 944 voces
879 904 924 943 in
969 919 1096 944 unam
1136 907 1351 946 notionem
1398 901 1754 959 complectantur,
1806 901 1873 942 alii
1923 902 2002 943 alio
2051 903 2178 943 modo

206 976 591 1033 interpunctionem
625 978 863 1029 exhibeant,
894 976 964 1019 alii
995 977 1092 1019 alias
1123 977 1325 1020 lectiones
1356 988 1601 1034 sequantur,
1635 977 1702 1017 alii
1735 977 1914 1034 singulas
1948 992 2071 1018 voces
2105 978 2178 1016 ali-

205 1062 273 1093 ter
305 1053 659 1110 interpretentur,
693 1053 763 1106 alii
792 1054 979 1112 denique
1014 1054 1138 1095 alium
1170 1056 1292 1095 totius
1333 1070 1478 1094 versus
1519 1070 1686 1096 sensum
1719 1055 1988 1101 constituant,
2032 1056 2083 1094 ita
2123 1068 2176 1096 nt

204 1144 258 1171 ne
292 1129 336 1169 in
369 1130 585 1170 sententiis
627 1130 909 1187 interpretum
945 1142 1013 1189 aut
1043 1130 1302 1199 probandis,
1344 1141 1413 1170 aut
1452 1128 1699 1170 lefellendis
1730 1141 1895 1189 tenipus
1937 1129 2177 1186 perdamus,

204 1221 311 1246 neve
346 1206 651 1267 consideranda
683 1206 827 1253 iudicii
859 1186 1150 1264 diversitate
1160 1218 1348 1267 mentem
1380 1217 1563 1248 nostram
1599 1205 1725 1247 modo
1768 1207 1873 1255 huc,
1916 1205 2043 1247 modo
2078 1206 2180 1246 illuc

204 1291 367 1340 temere
402 1265 703 1334 distrahamus,
727 1332 729 1334 q
741 1280 817 1343 de
825 1282 1031 1342 intwegro‚
1061 1299 1136 1338 ¹at}
1165 1283 1200 1326 si
1241 1265 1345 1321 nihil
1375 1281 1662 1339 disputatum
1675 1293 1806 1329 esset,
1851 1283 2040 1337 quaestio
2078 1298 2180 1337 pcr-

204 1336 440 1397 tractanda
452 1372 542 1421 esse
576 1338 798 1405 videatur„
828 1357 945 1399 -Sunt
975 1358 1046 1403 illa
1076 1360 1206 1404 ver-ha
1236 1357 1476 1406 Diomedis,
1523 1358 1674 1413 quibus
1716 1359 1761 1396 in
1787 1356 1985 1398 Paridem
2017 1356 2180 1396 invehi-

204 1443 291 1482 tui-3
324 1448 492 1490 neque
500 1444 586 1474 toto
616 1448 741 1493 versu
757 1398 870 1474 aliud
903 1416 1149 1491 quidquam
1164 1434 1253 1476 viro
1285 1433 1353 1480 isti
1376 1431 1727 1476 effeminatissimo
1760 1432 2008 1489 exprobrari
2027 1443 2179 1489 potest,

202 1508 282 1549 nisi
313 1508 500 1566 ignavia,
550 1509 616 1551 cui
644 1510 785 1568 nescio
814 1525 866 1550 an
897 1508 1034 1551 nullus
1068 1509 1260 1565 he1oum
1278 1508 1590 1571 homericorum
1611 1508 1749 1563 magis
1792 1507 2035 1558 indulsciit3
2085 1524 2181 1546 nam

203 1584 362 1625 Hector
393 1586 484 1642 ipse
518 1587 682 1644 saepius
717 1573 908 1643 obiurgat
939 1585 1053 1639 illam
1083 1588 1127 1626 in
1158 1562 1276 1640 bello
1311 1564 1566 1633 socordiam,
1604 1596 1650 1624 ut
1684 1585 1771 1624 eius
1805 1585 2012 1628 orationes
2047 1601 2176 1640 quae-

198 1657 293 1699 dam
325 1655 850 1715 (J1.;⁷‚520-529.et
882 1673 920 1715 γ,
955 1657 1207 1716 39-57.)
1221 1662 1432 1718 superioli
1463 1661 1556 1703 loco
1598 1661 1756 1711 lucem,
1800 1676 1924 1718 quam
1957 1660 2176 1701 desidtra-

196 1750 310 1784 mus,
344 1735 514 1793 largiter
548 1736 769 1780 affundant.

247 1794 248 1797 Ἰ
288 1866 289 1871 1
321 1805 496 1861 τοξότα
527 1812 720 1852 universe
754 1800 945 1871 ignavum
977 1812 1199 1872 significat,
1242 1827 1319 1852 usu
1361 1811 1485 1851 ducto
1520 1828 1541 1850 a
1580 1813 1731 1867 sagittis
1765 1811 1993 1851 mittendis.
2071 1814 2175 1851 ham

202 1898 250 1924 eo
280 1886 448 1935 nomine
481 1886 641 1927 Hector
672 1887 727 1927 de
757 1888 910 1940 Paride
946 1889 1050 1928 dicit
1076 1888 1127 1928 Jl.
1159 1901 1200 1942 γ,
1232 1886 1306 1928 45.
1351 1882 1451 1927 ἄλλ’
1485 1886 1564 1926 οὐκ
1597 1875 1699 1926 ἔστι
1733 1884 1804 1942 βίη
1835 1882 2028 1941 φρεσίν,
2071 1882 2174 1928 οἶδέ

198 1974 269 2008 τις
297 1958 433 2015 α’λκή,
469 1974 511 2003 et
538 1957 579 2013 ζ,
611 1964 716 2005 523.
749 1960 873 2003 α’λλὰ
907 1961 1013 2004 ἑκὼν
1043 1960 1211 2018 μεθίεις
1242 1974 1318 2012 τε,
1353 1958 1429 2001 καὶ
1458 1974 1538 2001 (ιι-κ
1571 1957 1740 2008 ἐθέλεις
1772 1957 2074 2017 (ιιάχεσὲαι)

253 2086 255 2091 Δ
320 2032 524 2101 λωβητήρ
555 2039 716 2096 passive
751 2038 1044 2101 accipiendum
1079 2049 1160 2086 est,
1193 2048 1238 2077 ut
1271 2038 1321 2077 sit
1352 2038 1535 2087 iufamis3
1574 2053 1672 2077 nam
1699 2037 1943 2077 Alexander
1986 2040 2169 2078 nomina-

201 2125 267 2179 tur
279 2102 439 2182 λώβη
447 2109 525 2152 καὶ
544 2110 751 2173 ὑπόψιος
779 2109 952 2165 ἄλλων,
980 2115 1031 2154 Jl.
1063 2129 1101 2170 γ,
1129 2114 1202 2174 42.

292 2167 650 2256 παρθενοπῖπα
673 2178 852 2248 mollem
882 2201 924 2231 et
956 2171 1246 2251 effeminatam
1258 2201 1444 2247 natiuam
1467 2189 1645 2243 indicat,
1680 2189 1796 2247 quod
1829 2188 1917 2229 aliis
1951 2188 2051 2229 locis
2075 2186 2167 2242 (d'r.

201 2262 250 2304 Jl.
283 2277 323 2320 γ,
356 2257 451 2322 39.)
481 2263 756 2320 γυναιμανής
787 2276 927 2318 sonat,
961 2282 1213 2325 quamquam
1241 2266 1348 2307 illud.
1381 2276 1441 2307 est
1470 2266 1605 2307 lenius
1642 2282 1893 2323 expressum.

327 2342 527 2391 Quartum
556 2342 672 2397 quod
704 2343 872 2383 additur
906 2344 1122 2399 epitheton
1154 2340 1260 2399 κέρα
1294 2338 1439 2397 αγλαε
1471 2343 1522 2383 ad
1541 2344 1702 2400 sagittas
1736 2340 1964 2397 singulatim
1990 2353 2172 2397 sp‹ctat;

202 2423 299 2455 nam
329 2428 379 2456 re
411 2425 511 2458 vera
544 2417 710 2474 sagittis
728 2416 986 2475 plerumque
1020 2421 1149 2459 utitur
1181 2415 1250 2474 (Jl.
1283 2429 1320 2476 7,
1344 2420 1419 2460 17.
1466 2413 1505 2469 ζ,
1538 2417 1626 2459 322
1738 2416 1828 2456 HOC
1863 2414 1969 2470 κέρᾳ
2003 2411 2174 2470 αγλαος

206 2482 268 2531 est
298 2479 491 2533 illustris
481 2489 724 2550 sagittarius
753 2486 815 2546 Ἴ,
869 2487 1015 2552 quod
1024 2484 1218 2556 quidem
1246 2480 1465 2552 epitheton
1506 2494 1559 2533 ita
1602 2446 1673 2529 ad
1695 2488 1856 2547 reliqua
1900 2490 2170 2531 lweselendum

273 2656 300 2697 ')
324 2655 500 2694 Eri-orum,
547 2654 669 2698 quibus
709 2655 1087 2698 sentententiquoru'm
1122 2652 1407 2698 grammaticorum
1446 2652 1484 2683 de
1512 2650 1586 2683 ‘hoc
1620 2651 1694 2683 loco
1729 2652 2048 2690 commentationes,
2087 2663 2172 2684 unus

1894 2714 1921 2754 3
