2411 3275
1043 262 1347 302 „15—

212 381 463 437 interpretes
489 378 706 437 permultis
737 377 842 420 locis
871 379 1095 420 homericis
1126 378 1253 420 hodie
1286 379 1571 432 offenduntur3
1618 383 1693 423 sed
1738 398 1807 424 eos
1858 399 2020 423 morum
2053 401 2181 441 quae-

213 456 309 496 dam
340 458 587 513 perversitas
620 472 644 496 a
675 469 773 497 vero
804 454 959 497 iudicio
988 454 1183 496 excludit.
1260 457 1386 499 Cuius
1420 460 1483 498 rei
1524 469 1571 498 ut
1613 459 1804 516 exempla
1843 459 2046 501 nonnulla
2079 460 2181 501 adii-

215 533 342 579 ciam,
376 528 626 571 Idomeneus
656 529 972 587 reprehendens
1003 529 1199 586 Ulyssem
1225 533 1280 573 ita
1312 531 1475 574 orditur
1507 534 1743 587 orationem,
1772 535 1820 575 Jl.
1844 534 1888 589 θ,
1924 536 1994 579 93.

333 602 335 604 ’
457 602 659 662 Διογενὲς
691 600 953 664 Λαερτιάδη
970 634 985 656 ,
1017 603 1304 664 πολυμήχαν’
1330 600 1577 648 Ὀδυσσεῦ.

217 705 340 751 atque
373 692 584 735 Achillem
617 692 772 733 Hector
803 692 874 734 ille
907 694 1195 734 infestissimus
1228 697 1285 736 sic
1318 696 1567 753 alloquitur,
1602 696 1651 736 Jl.
1685 711 1737 754 χ,
1776 699 1873 740 279.

401 790 404 794 ·
460 764 703 826 ἤμβροτες,
734 764 831 809 οὐδ’
859 758 953 829 ἆρα
984 766 1053 810 πώ
1084 783 1154 825 τι,
1186 770 1307 819 θεοῖς
1339 768 1545 812 ἐπιείκελ’
1578 769 1816 830 Ἀχιλλεῦ,

462 843 505 887 ἐκ
537 829 832 895 Διὸς-ἠείδης
862 843 949 889 τὸν
981 835 1090 902 ἒμὸν
1118 843 1281 905 μόρον,
1309 843 1412 897 ἤτοι
1444 842 1552 907 ἔφης
1583 862 1644 906 γε.

217 934 301 979 Cfr.
333 932 383 974 Jl.
413 946 444 984 ι,
477 930 576 975 356.
611 930 712 975 698-
776 930 845 973 Ad
894 931 1008 973 idem
1046 948 1175 991 genus
1226 934 1428 993 loquendi
1471 936 1693 977 referenda
1737 949 1797 978 est
1830 940 1957 979 oratio
1995 940 2178 984 Achillis.

218 1024 298 1066 qua
330 1013 683 1064 Agamemnonem
715 1009 925 1062 increpat,
959 1008 1009 1047 Jl.
1044 1022 1090 1058 α,
1128 1013 1226 1052 122.

460 1077 665 1140 Ἀτρείδη
697 1076 886 1123 κύδιστε
904 1082 964 1134 ⁴¹),
999 1081 1400 1140 φιλοκτεανώτατε
1428 1085 1631 1131 πάντωνὶ

219 1177 258 1205 et
291 1164 405 1222 quod
437 1162 667 1222 respondet
696 1163 978 1223 Agamemno,
1011 1164 1061 1206 Jl.
1092 1179 1134 1216 α,
1168 1167 1263 1211 131.

457 1239 517 1295 μὴ
550 1234 589 1280 δ’
623 1235 788 1291 οὕτως,
822 1239 996 1296 ἀγαθός
1027 1256 1109 1300 περ
1141 1240 1245 1297 ἐών,
1275 1243 1486 1286 θεοείκελ’
1518 1245 1753 1303 Ἀχιλλεῦ,

462 1315 627 1358 κλέπτε
661 1308 769 1373 voca!

218 1385 333 1436 Paris
368 1411 462 1437 cum
488 1392 737 1437 Diomedem
769 1393 1050 1444 vulnerasset,
1080 1395 1302 1455 superbius
1338 1394 1568 1437 exclamare
1602 1394 1773 1446 dicitur,
1808 1396 1856 1436 Jl.
1893 1394 1932 1452 λ,
1965 1397 2064 1439 380.

464 1467 671 1528 βέβληαι,
706 1464 807 1511 οὐδ’
836 1466 967 1512 ἅλιον
999 1468 1128 1529 βέλος
1158 1466 1366 1532 ἔκφυγεν·
1400 1473 1455 1521 ὡς
1480 1468 1651 1533 ὄφελόν
1683 1488 1777 1525 τοι,

466 1544 647 1589 νείατον
680 1543 723 1595 ἐς
755 1548 942 1589 κενεῶνα
968 1545 1143 1605 βαλών,
1175 1546 1223 1589 ἐκ
1254 1543 1406 1602 θυμὸν
1439 1544 1648 1588 ἑλέσθαιῐ

464 1619 580 1665 οὕτω
612 1625 684 1666 κεν
716 1621 797 1678 καὶ,
822 1625 964 1680 Τρῶες
996 1623 1280 1667 ἀνέπνευσαν
1312 1622 1581 1673 κακότητος,

427 1749 431 1752 .
461 1696 560 1741 οἵτε
594 1714 646 1742 σε
678 1699 950 1761 πεφρίκασι,
980 1699 1130 1742 λέονθ’
1168 1701 1223 1749 ὡς
1255 1695 1447 1755 μηκάδες
1481 1694 1608 1754 αἶγες.

221 1777 306 1820 Sed
353 1778 416 1819 his
469 1778 569 1835 ipsis
610 1778 743 1818 verbis
798 1792 1049 1835 magnopere
1092 1776 1233 1818 laudat
1272 1776 1547 1825 Diomedem,
1603 1792 1730 1832 quum
1773 1775 2059 1816 fortitudinem
2105 1778 2190 1817 cius

219 1852 437 1911 praedicat
471 1865 534 1903 et,
578 1865 778 1911 quantum
808 1855 1003 1895 timorem
1034 1855 1227 1893 Troianis
1258 1853 1445 1900 incutiat,
1489 1851 1717 1892 confitetur.
1783 1851 1951 1892 Falsum
1985 1864 2047 1892 est
2081 1853 2191 1892 enim

221 1942 261 1971 et
292 1931 343 1971 ab
373 1931 586 1972 homerica
618 1941 758 1970 mente
790 1931 1002 1979 abhorre&
1034 1930 1150 1988 quod
1181 1928 1397 1971 scholiasta
1429 1939 1570 1968 monet
1599 1927 1651 1967 ad
1682 1926 1710 1968 l.
1732 1926 1757 1968 l.
1792 1944 1825 1967 v.
1858 1927 1957 1970 383.
1991 1926 2047 1968 τὸ
2075 1922 2191 1970 ὶδιον

220 2000 369 2053 πάθος
401 2002 475 2048 ἐπὶ
502 2003 680 2054 πάντας
707 2001 886 2058 εἰκάζει.
952 2006 1072 2048 Idem
1103 2018 1217 2064 patet
1249 1998 1300 2046 ei
1333 2006 1518 2047 oratione
1550 2004 1747 2054 Pandari,
1793 2005 1864 2061 qui
1898 2021 1992 2045 cum
2024 2006 2193 2069 Diome:

220 2074 317 2124 dem
349 2084 490 2141 sagitta
522 2098 607 2124 non
638 2082 902 2132 trucidasset,
936 2083 1049 2125 hasta
1084 2083 1268 2124 eundem
1301 2081 1544 2141 aggrediens
1580 2081 1705 2130 dicit,
1738 2082 1789 2121 ΙΙ.
1824 2096 1854 2125 ε,
1886 2084 1988 2123 277.

464 2157 800 2219 καρτερόθυμε,
829 2153 1056 2217 δαΐφρον,
1092 2157 1266 2215 α’γαυοῦ
1296 2154 1465 2206 Τυδέος
1497 2157 1585 2210 υἱέ,

463 2229 490 2283 ἦ
524 2233 654 2289 μάλα
683 2234 729 2276 σ’
761 2234 814 2275 οὐ
842 2232 972 2292 βέλος
1005 2233 1094 2276 ὠκὺ
1127 2230 1440 2291 δαμάσσατο,
1476 2233 1629 2290 πικρὸς
1657 2234 1835 2281 ὀϊστός·

464 2301 543 2355 νῦν
577 2306 685 2354 αὖτ’
711 2297 1184 2372 ἑγχείηπειρήσομαι,
1219 2314 1267 2353 αῖ
1298 2326 1344 2353 κε
1377 2310 1573 2370 τύχωμι.

220 2395 365 2451 Itaque
416 2393 459 2430 in
498 2389 673 2431 Achillis
728 2391 911 2431 oratione
958 2390 1026 2443 (Jl.
1061 2405 1118 2440 α,
1153 2386 1489 2444 365-412.)‚
1546 2408 1625 2446 qua
1678 2389 1869 2429 ultionem
1925 2398 2119 2443 precatur
2170 2405 2188 2426 a

220 2481 373 2518 matre,
429 2467 534 2509 illud
590 2461 845 2525 εὖρυκρείων
887 2462 1173 2522 Ἀγαμέμνων
1198 2452 1359 2518 (411.)
1410 2481 1493 2507 non
1534 2464 1785 2506 stomachose
1821 2461 1976 2502 dictum
2009 2473 2089 2510 est,
2148 2474 2188 2499 ut

289 2623 317 2664 ¹)
342 2623 532 2659 Bentleius,
570 2632 641 2652 cum
664 2622 698 2652 in
723 2621 786 2652 hoc
810 2622 883 2651 loco
906 2622 1039 2661 vulgata
1061 2621 1159 2652 lectio
1183 2621 1223 2652 ad
1248 2631 1377 2653 sensum
1407 2622 1508 2651 minus
1541 2618 1704 2659 placeret,
1740 2615 1892 2658 κίρδιστε
1921 2616 2028 2654 legere
2053 2614 2191 2643 malain

345 2683 437 2725 quod
459 2684 596 2715 omniuo
621 2673 875 2724 improbandum
900 2686 958 2713 est.
