2411 3275
1040 267 1314 307 ...7.-

310 381 394 431 Sed
427 400 470 430 ut
495 386 616 429 facile
656 385 877 445 intelligis,
908 400 1030 429 voces
1062 385 1155 428 illas
1196 388 1378 444 primum
1419 387 1657 444 generalem
1697 385 1913 429 notionem
1951 381 2160 427 indicasse

185 475 308 521 atque
340 461 520 505 mediam
550 462 915 521 significationem,
955 477 1061 521 quae
1104 463 1150 503 in
1186 464 1340 504 bonam
1388 478 1521 520 aeque
1561 479 1610 504 ac
1639 462 1790 504 malam
1817 474 1981 521 partem
2021 463 2156 518 accipi

183 540 384 598 potuerit,
427 541 482 581 ita
508 538 758 597 plerumque
797 554 920 581 voces
949 538 1114 580 mediae
1156 540 1202 579 in
1232 539 1470 581 alterutram
1514 540 1775 595 potissimum
1807 537 2153 594 significationem

184 631 226 656 se
259 616 474 664 inclinant,
509 631 581 656 eae
613 631 732 665 vero,
763 632 864 673 quas
899 617 1328 666 commemoravimus,
1361 617 1406 656 in
1437 615 1592 656 honam
1623 627 1782 671 partem
1815 631 1909 657 raro
1942 616 2155 671 interpre—

185 690 332 733 tandae
365 703 469 732 sunt.
534 692 782 749 Prosperam
813 703 951 735 tamen
979 691 1187 734 fortunam
1214 692 1356 750 μοῖρα
1387 689 1546 732 indicat
1576 689 1626 730 Jl.
1659 703 1704 744 γ,
1744 690 1840 731 182.

426 781 458 828 ὦ
486 786 639 847 μάκαρ
665 782 895 847 Ἀτρείδη,
927 787 1199 848 μοιρηγενές,
1228 782 1553 847 ὀλβιόδαιμονῐ

184 891 223 920 et
255 878 335 920 Od.
369 892 423 929 v,
456 879 524 922 76.

852 964 878 1006 ὁ
913 963 1061 1020 (Ζεὺς)
1092 962 1177 1023 γάρ
1209 963 1250 1005 τ’
1283 958 1333 1005 εὖ
1365 957 1487 1005 οἶδεν
1517 959 1721 1018 ἅπαντα,

422 1047 592 1110 μοῖράν
625 1048 671 1092 τ’
700 1047 926 1110 ἀμμορίην
958 1064 1009 1091 τε
1040 1051 1340 1101 καταθνητῶν
1371 1049 1633 1111 ἀνθρώπων.

187 1149 278 1199 Quo
313 1146 407 1188 loco
436 1148 597 1205 antiqui
630 1146 797 1204 μοῖραν
827 1157 942 1187 recte
974 1147 1300 1203 interpretamur
1342 1142 1641 1201 εὐδαιμονίαν
1668 1143 1747 1186 καὶ
1778 1143 2017 1203 εὐτυχίαν.
2068 1146 2153 1185 Csr.

179 1226 360 1265 Eustath.
395 1223 448 1265 ad
482 1223 563 1264 Od.
591 1240 635 1281 p.
671 1224 802 1273 1883,
835 1225 906 1266 52.
967 1222 1219 1281 Plerumque
1251 1225 1295 1263 in
1335 1222 1487 1264 malam
1518 1223 1861 1280 significationem
1900 1238 2022 1265 voces
2055 1222 2152 1263 illae

178 1298 371 1340 abierunt
410 1299 585 1357 ipsaque
634 1298 694 1339 vis
725 1297 781 1339 ad
809 1296 910 1340 deos
941 1297 1144 1347 refertur,
1188 1298 1261 1355 qui
1294 1298 1503 1347 omnium,
1546 1312 1651 1355 quae
1692 1297 1931 1338 hominibus
1963 1297 2153 1337 tribuun-

178 1388 256 1425 tur,
289 1387 476 1417 auctores
509 1376 800 1415 existimantur.
863 1375 1008 1431 Itaque
1036 1376 1179 1432 μοῖρα.
1209 1373 1262 1414 ad
1294 1373 1396 1414 deos
1427 1375 1610 1429 pertinet
1642 1373 1742 1425 (Od.
1761 1387 1810 1429 χ,
1833 1370 1967 1423 413.),
2002 1389 2024 1412 a
2054 1374 2148 1427 qui-

176 1452 253 1491 bus
286 1453 428 1508 generi
460 1451 639 1493 humano
673 1452 890 1500 tribuitur,
937 1449 1126 1507 adeoque
1156 1449 1234 1491 dea
1265 1448 1371 1490 facta
1405 1461 1465 1491 est
1496 1445 1565 1505 (Jl.
1598 1463 1644 1502 ω,
1678 1447 1796 1501 209.)
1840 1459 1881 1491 et
1913 1464 2008 1490 cum
2040 1448 2150 1496 Iove,

177 1525 353 1569 deorum
393 1527 703 1584 potentissimo,
754 1526 971 1569 coniuncta
1011 1525 1079 1580 (Π.
1112 1539 1167 1578 τ,
1202 1522 1293 1582 87.)
1324 1524 1373 1578 *).
1470 1524 1630 1577 Quodsi
1675 1524 1727 1565 de
1770 1525 1843 1565 fati
1891 1524 2152 1581 deorumque

176 1614 321 1653 natura
349 1604 534 1659 quae-ris,
563 1617 649 1643 non
676 1602 798 1642 facile
832 1604 1054 1658 quisquam
1084 1604 1304 1659 probabit,
1338 1604 1448 1642 Iovis
1481 1603 1679 1642 voluntati
1712 1617 1760 1641 ac
1791 1604 2002 1657 potentiae
2036 1617 2152 1641 seve-

175 1693 263 1718 ram
295 1677 504 1735 quandam
545 1690 585 1719 et
621 1677 923 1718 inexorabilem
960 1678 1031 1718 fati
1081 1680 1164 1719 vim
1196 1679 1418 1720 obnoxiam
1450 1693 1550 1720 esse.
1616 1676 1691 1719 Sin
1734 1692 1831 1719 vero
1877 1678 2151 1718 humanarum

176 1768 317 1793 rerum
343 1754 679 1810 procurationem
710 1754 755 1794 in
788 1752 867 1793 diis
900 1765 1145 1810 spectamus,
1173 1770 1311 1811 neque
1346 1755 1458 1794 omni
1483 1754 1693 1795 curatione
1723 1764 1763 1794 et
1791 1753 2149 1795 administratione

177 1843 318 1869 rerum
351 1844 495 1870 vacare
529 1842 620 1879 eos,
654 1844 793 1887 neque
828 1839 969 1870 contra
991 1845 1013 1869 a
1039 1831 1249 1887 principio
1284 1830 1420 1871 omnia
1452 1831 1711 1871 constituisse
1745 1840 1787 1870 et
1817 1831 1861 1869 in
1892 1844 2015 1870 omne
2049 1842 2150 1870 tem-

177 1922 255 1962 pus
289 1905 540 1962 disposuisse
574 1918 614 1947 et
643 1908 860 1956 tribuisse,
904 1907 1075 1947 Homeri
1119 1909 1300 1948 carmina
1332 1907 1495 1949 docent.
1574 1907 1721 1963 Neque
1755 1908 1866 1947 enim
1894 1908 2002 1948 Iovis
2046 1907 2147 1948 alio-

176 1996 354 2038 rumque
389 1980 563 2022 deorum
594 1993 738 2023 natura
778 1981 899 2023 certis
941 1981 1093 2023 finibus
1135 1982 1447 2037 circumscripta
1482 1993 1564 2029 est,
1611 1982 1806 2037 quoniam
1837 1982 2041 2023 humanae
2075 1998 2148 2023 na-

178 2068 291 2099 turae
326 2056 587 2098 imbecillitas
620 2067 662 2097 et
689 2058 895 2098 temeritas
928 2057 985 2098 ita
1015 2058 1220 2115 permixta
1262 2069 1324 2098 est
1356 2073 1450 2098 cum
1483 2057 1660 2098 deorum
1686 2058 1980 2099 immortalium
2013 2062 2142 2116 gravi-

243 2201 274 2244 *)
298 2200 350 2233 Ad
375 2199 516 2231 eandem
536 2200 699 2232 rationem
718 2200 826 2232 refero
852 2200 939 2232 illud
966 2200 1051 2246 ὑπὲρ
1076 2199 1191 2244 μόρον
1212 2200 1269 2243 (Jl.
1294 2212 1333 2244 φ,
1357 2203 1431 2244 5¹7·
1457 2200 1519 2232 Od.
1543 2213 1576 2239 α,
1600 2201 1652 2242 34.
1677 2202 1729 2235 35.
1756 2212 1781 2239 ε,
1807 2203 1871 2244 436
1883 2202 1906 2246 )‚
1931 2202 2020 2245 quod
2043 2201 2141 2233 We!-

309 2258 372 2289 fius
397 2258 534 2300 quidem
557 2268 688 2301 semper
718 2269 785 2290 uno
822 2259 986 2291 vocabulo
1009 2264 1260 2301 repraesentat,
1295 2261 1371 2291 aliis
1406 2266 1558 2291 veterum
1600 2262 1884 2301 grammaticorum
1917 2260 2141 2301 probantibus

306 2317 470 2360 (Eustath.
497 2317 539 2348 ad
564 2317 625 2349 od.
648 2329 682 2361 p.
713 2318 804 2360 1387,
827 2319 895 2361 64.)
910 2343 919 2358 ‚
943 2319 1017 2351 aliis
1042 2317 1322 2351 dissentientibus
1346 2318 1463 2361 (schol.
1488 2318 1528 2350 ad
1552 2318 1617 2352 Od.
1642 2330 1685 2358 a,
1710 2319 1787 2363 35.).
1831 2318 1926 2361 Quae
1949 2325 2141 2351 controver—

304 2375 355 2406 sia
377 2384 578 2417 quamquam
602 2385 671 2406 non
697 2375 882 2417 gravissimi
906 2376 1068 2408 momenti
1096 2381 1167 2413 est,
1186 2382 1299 2408 tamen
1320 2387 1396 2407 meo
1420 2376 1556 2418 quidem
1579 2377 1705 2407 iudicio
1727 2378 1772 2407 ita
1798 2380 1850 2407 est
1873 2384 2080 2419 comparata,
2104 2384 2143 2409 ut

305 2442 403 2467 voces
427 2433 648 2476 seiungendum
673 2444 745 2466 esse
769 2433 919 2467 arbitrer.
966 2435 1051 2468 Nam
1074 2436 1101 2468 si
1127 2435 1320 2468 adverbium
1343 2435 1525 2480 ὑπέρμορα
1566 2436 1625 2480 (JL
1643 2438 1674 2477 β,
1703 2435 1786 2478 ι55,)
1825 2435 1964 2467 suadere
1995 2436 2139 2474 videtur,

305 2496 344 2524 ut
365 2493 575 2535 copulentur,
601 2492 677 2531 alia,
704 2494 758 2524 uti
779 2492 867 2537 ὑπὲρ
888 2500 1020 2538 μοῖραν
1042 2495 1099 2536 (Jl,
1125 2507 1157 2534 v,
1180 2495 1282 2535 336.),
1308 2493 1395 2536 ὑπὲρ
1421 2494 1528 2526 αἶσαν
1550 2494 1608 2535 (Jl.
1630 2504 1666 2530 π,
1691 2495 1792 2534 780.)‚
1814 2505 1900 2536 quae
1922 2496 1976 2527 vel
1996 2497 2137 2529 wolfius

306 2542 475 2590 seiunxit,
504 2557 541 2583 ut
563 2551 813 2592 distrahantur,
836 2563 944 2595 paene
965 2552 1106 2600 iubent..
1136 2553 1321 2595 Oppositae
1345 2556 1423 2583 sunt
1449 2551 1611 2582 dictiones
1637 2553 1711 2584 κατ’
1735 2551 1861 2590 αἶσαν,
1886 2552 1930 2586 Jl.
1954 2567 1987 2599 y,
2011 2554 2063 2598 59.

662 2610 741 2643 ἐπεί
759 2621 805 2655 με
826 2612 898 2643 κατ’
926 2611 1035 2645 αἶσαν
1058 2613 1252 2650 ἐνείκεσας,
1278 2611 1352 2643 οὐδ’
1382 2611 1465 2652 ὑπὲρ
1493 2610 1627 2648 αἶσαν,
1693 2607 1695 2611 '

301 2668 421 2701 itidem
445 2664 532 2702 κατὰ
556 2672 711 2711 μοῖραν,
737 2678 774 2703 ιιι
803 2682 870 2712 par
891 2679 964 2710 ent,
990 2678 1026 2703 uz
1047 2670 1164 2711 decet,
1190 2673 1271 2709 rite,
1308 2670 1369 2702 Od.
1395 2682 1419 2707 ι,
1443 2669 1522 2710 245.
1541 2669 1598 2701 cfr.
1625 2668 1685 2702 Od.
1713 2671 1752 2708 ξ,
1777 2672 1851 2714 509.
