2411 3275
1061 243 1366 285 ...12-

1160 362 1199 415 s-
1221 364 1260 404 ⁷·
1564 370 1574 393 ¹

341 434 410 476 Ad
443 435 576 492 ipsam
607 436 1007 493 interpretationem
1039 447 1084 477 ut
1116 448 1397 486 tumeamus,
1442 447 1505 477 est
1536 434 1608 477 illa
1648 436 1824 495 quidem
1850 437 1937 478 iam
1979 436 2203 495 perfacilis.

218 511 325 550 Nam
366 508 668 570 ἐγχεσίμωρος
716 512 872 555 indicat
918 528 1038 563 eum,
1081 513 1155 572 qui
1197 514 1323 556 hastis
1365 511 1593 555 destinatus
1626 524 1710 564 est,
1756 511 1829 571 “1¹¹3
1870 526 2016 572 suapte
2060 527 2205 556 natura

217 587 364 626 ductus
408 589 451 627 in
494 590 619 630 hastis
669 590 892 630 tractandis
945 600 1159 641 versatur,
1220 591 1293 649 qui
1323 588 1379 631 ad
1409 589 1545 630 hastas
1579 589 1681 631 scite
1721 588 1959 633 iaculandas
2001 601 2119 635 natus
2165 603 2207 633 et

217 673 336 718 aptus
382 674 455 703 est.
528 665 669 717 Quare
699 667 859 707 strenui
901 666 1133 708 bellatores
1178 667 1292 725 apud
1321 668 1553 708 Homerum
1593 666 1854 715 indicantur,
1906 667 1980 724 qui
2020 667 2205 709 cominus
2247 666 2254 675 ’

213 749 402 795 pugnant
435 750 560 797 atque
595 741 840 783 fortitudine
874 738 1057 800 insignes
1091 743 1314 792 habentur,
1347 743 1544 785 nimirum
1576 739 1844 798 ἀγχέμαχοι
1883 738 1953 797 (Jl.
1976 756 2018 788 v,
2043 738 2103 796 5.)
2133 742 2202 783 vel

212 805 498 871 ἐγχέσπαλοι
530 812 660 874 (11.β,
684 813 812 874 131.).
880 817 1035 871 Quales
1073 820 1185 861 enim
1217 819 1411 862 homines
1441 831 1554 869 sunt,
1587 818 1691 860 tales
1724 836 1748 860 a
1781 818 1859 878 diis
1896 835 1967 860 eos
2003 820 2201 861 constitu-

214 900 276 928 tos
314 906 420 938 esse,
459 893 669 933 Homerus
705 896 951 935 existimavit
983 894 1121 936 multis
1154 896 1284 945 locis,
1318 906 1362 936 ut
1392 895 1443 935 Jl.
1473 908 1516 947 α,
1551 894 1651 937 290.

592 967 632 1009 εὶ
665 963 715 1011 δέ
747 983 827 1024 μιν
860 964 1093 1027 ὰὶχμητὴν
1122 965 1294 1013 ἔθεσαν
1325 968 1427 1012 2⁶02
1459 970 1561 1012 αἰὲν
1591 965 1758 1018 ἐόντες,

585 1039 782 1086 τοῦνεκά
812 1044 856 1087 οἱ
887 1044 1168 1105 προθέουσιν
1196 1041 1377 1090 ὀνείδεα
1408 1044 1748 1101 μυθήσασθαι,-

211 1121 309 1158 Post
342 1120 575 1161 Homerum
608 1137 756 1162 vocem
796 1117 1103 1180 ε’γχεσίμωρος
1147 1135 1196 1165 et·
1228 1122 1466 1180 simplicem
1507 1133 1549 1163 et
1587 1120 1719 1181 gradu
1763 1122 2043 1179 comparativo
2088 1124 2201 1179 posi-

211 1205 293 1233 tam
325 1196 465 1235 inveni
500 1196 543 1236 in
580 1198 881 1253 epigrammate
914 1201 1123 1239 Ammiani
1156 1198 1291 1251 (Anal.
1314 1198 1368 1246 11,
1401 1214 1442 1254 p.
1467 1196 1602 1247 389),
1637 1197 1750 1236 cuius
1785 1197 1915 1236 verba
1949 1196 2053 1236 haec
2087 1207 2198 1245 sunt,

593 1270 773 1320 Κύλλος
803 1270 882 1314 καὶ
914 1273 1100 1330 Λεῦρος,
1131 1269 1216 1315 δύο
1249 1270 1489 1315 Θεσσαλοὶ
1521 1268 1831 1328 ἐγχεσίμωροι.

707 1347 886 1397 Κύλλος
914 1345 960 1390 ἐκ
992 1350 1170 1393 τούτων
1201 1345 1623 1407 ἐγχεσιμωρότερος.
1686 1373 1690 1377 -

210 1423 370 1473 Quibus
405 1423 594 1463 versibus
640 1424 868 1465 Verisimile
917 1436 997 1474 est,
1041 1425 1387 1482 significationem
1429 1434 1649 1481 receptam
1688 1438 1779 1464 esse
1815 1422 2028 1481 vulgarem
2072 1422 2197 1471 illam,

208 1500 487 1556 improbatam
521 1516 543 1540 a
577 1500 722 1551 nobis,
765 1513 811 1543 ut
842 1499 1143 1561 ἐγχεσίμωρος
1177 1502 1295 1542 idem
1327 1502 1405 1552 sit,
1452 1500 1570 1558 quod
1603 1496 1926 1557 ἐγχεσίμαργος
1959 1500 1999 1539 h.
2035 1516 2070 1540 c.
2100 1501 2199 1546 τοῖς

208 1574 364 1633 ἔγχεσι
397 1575 669 1630 μαινόμενος
702 1571 855 1634 (Etyin.
891 1581 1004 1627 313,
1036 1583 1074 1621 7.
1108 1580 1210 1618 ibid.
1246 1579 1348 1627 3¹3,
1387 1575 1484 1628 14).
1550 1577 1696 1633 Itaque
1736 1588 1804 1617 aut
1843 1590 1928 1617 non
1963 1576 2198 1623 miraberis,

203 1649 348 1690 salsam
383 1652 495 1692 vocis
531 1651 881 1709 explicationem,
932 1655 1011 1695 sed
1046 1655 1184 1695 multis
1226 1666 1416 1695 veterum
1463 1653 1683 1709 probatam
1722 1654 1908 1709 reperiri
1948 1651 2061 1709 apud
2092 1653 2197 1692 scri-

200 1739 370 1784 ptorem
405 1727 629 1770 deterioris
673 1740 715 1770 et
742 1741 865 1772 notae
909 1742 950 1771 et
985 1733 1152 1780 aetatis,
1206 1745 1336 1788 quem
1367 1725 1546 1771 Homeri
1579 1745 1724 1770 sensus
1757 1729 1941 1778 latebat,
1991 1740 2060 1769 aut
2094 1743 2196 1769 con-

201 1803 308 1843 sulto
343 1818 491 1844 vocem
523 1803 640 1845 illam
675 1820 725 1846 ex
746 1801 988 1864 μωραίνειν
1023 1807 1192 1850 ductam
1229 1823 1321 1848 esse
1352 1818 1533 1856 statues,
1562 1817 1608 1847 ut
1644 1804 1699 1847 ad
1730 1804 2048 1846 similitudinem
2080 1807 2193 1847 vocis

198 1881 442 1921 homericae
476 1881 645 1921 ridiculi
677 1880 839 1939 aliquid
872 1882 1130 1939 praeberetz,
1164 1899 1259 1923 nam
1293 1882 1438 1941 Cyllus
1472 1882 1545 1923 ille
1583 1893 1624 1923 ct
1659 1883 1837 1933 Leurus,
1872 1898 2043 1941 quoquo
2068 1882 2194 1924 modo

201 1959 369 1998 nomina
392 1974 539 1999 eorum
568 1959 884 2016 interpretaris,
916 1959 980 1999 his
1001 1960 1193 1999 versibus
1230 1960 1488 2018 exagitantur
1511 1957 1624 2000 haud
1659 1957 1787 2001 dubie
1822 1970 2015 2017 tanquam
2034 1974 2194 2017 pugna-

201 2044 316 2074 tores
346 2032 445 2074 fatui
480 2034 682 2090 hastaque
712 2034 859 2090 inepte
895 2045 1075 2074 utentes.

322 2110 440 2160 Quae
476 2108 530 2149 dc
577 2123 679 2150 voce
729 2102 1037 2168 ἕγχεσίμωρος
1081 2107 1194 2167 apud
1228 2108 1458 2151 Homerum
1493 2110 1731 2159 statuimus,
1780 2108 1919 2150 valent
1953 2107 2102 2149 eadem
2137 2108 2190 2148 de

198 2203 300 2227 voce
334 2184 548 2241 ἱόμωρος,
596 2198 896 2242 praeterquam
942 2187 1059 2243 quod
1109 2187 1163 2226 de
1215 2188 1455 2242 sagittarum
1508 2200 1583 2225 usu
1620 2195 1738 2225 recte
1779 2184 2051 2226 iudicandum
2104 2197 2189 2234 est3

198 2279 331 2318 quare
366 2262 651 2318 significantur
684 2262 734 2309 ii,
767 2263 839 2317 qui
872 2278 943 2302 sua
976 2261 1120 2303 indole
1159 2265 1200 2301 et
1229 2262 1283 2301 de
1319 2261 1498 2300 deorum
1532 2260 1741 2299 voluntate
1784 2261 1938 2315 sagittis
1973 2259 2186 2298 mittendis

202 2339 394 2394 occupati
429 2348 533 2378 sunt.

320 2415 517 2471 Denique
561 2410 854 2471 ὑλακόμωροι
894 2412 970 2452 soli
1014 2427 1138 2453 canes
1179 2410 1398 2460 dicuntur,
1451 2412 1647 2469 quoniam
1693 2428 1772 2469 per
1816 2411 1908 2453 dies
1953 2422 2185 2468 noctesque

194 2488 389 2530 latrando
425 2489 558 2530 dediti
592 2502 697 2531 sunt.
762 2490 916 2546 Neque
954 2491 1063 2530 enim
1097 2489 1229 2530 ullum
1264 2488 1414 2530 animal
1448 2490 1712 2546 reperiatur,
1756 2488 1873 2546 quod
1906 2500 2014 2530 tanta
2048 2490 2187 2545 impu-

196 2567 336 2608 dentia
372 2579 413 2609 et
447 2580 556 2609 tanta
599 2568 719 2626 quasi
752 2566 1052 2608 vociferatione
1086 2568 1278 2609 homines
1312 2566 1479 2622 fatiget,
1535 2581 1660 2622 quam
1694 2567 1828 2615 canis,
1874 2581 1958 2606 non
1991 2577 2185 2606 strenuus

195 2641 330 2685 sulum
366 2656 407 2685 et
438 2660 632 2704 magnus,
683 2643 758 2684 sed
791 2644 914 2685 etiam
944 2642 1112 2683 timidus
1156 2654 1197 2684 ct
1239 2657 1410 2699 parvus,
1459 2642 1513 2681 ita
1547 2652 1589 2682 ut
1621 2640 1695 2681 illo
1730 2639 1877 2682 latratu
1922 2656 2006 2681 non
2045 2639 2185 2680 sex-itas
