2411 3275
1068 236 1376 275 ...11-

239 354 349 396 bulis
396 354 509 411 apud
541 354 769 395 Homerum
804 357 1042 396 sexcenties
1083 355 1363 406 inveniantur,
1412 358 1455 397 in
1498 356 1580 396 illis
1614 356 1754 396 sot-mis
1792 355 1895 395 nihil
1941 368 1999 396 cst
2033 357 2208 406 insoliti3

242 446 491 487 quamquam
531 430 801 474 Buttmannus
854 426 1002 488 (gram.
1036 446 1097 488 gr.
1126 430 1164 485 S.
1196 430 1268 472 25.
1303 429 1355 479 II,
1394 425 1453 485 1.)
1486 428 1725 479 contendit,
1766 443 1792 469 ο
1820 430 2028 471 rarissime
2066 433 2213 471 mutari

240 508 282 545 in
310 519 357 546 ω.
420 504 670 562 Saepissime
693 505 738 545 id
765 506 855 546 fieri
873 507 1144 563 probabimus
1167 506 1378 562 exemplis.
1444 508 1548 546 Nam
1576 507 1784 545 invenitur
1811 505 1960 558 aizoo
1978 503 2139 561 (Od.v‚
2158 507 2215 556 8.)

241 593 281 621 et
314 564 507 632 κύκλωψ
547 580 648 633 (oa,
679 594 734 630 a,
768 580 888 634 69.),
921 576 1061 636 δόμος
1093 571 1194 634 (od.
1234 594 1287 631 a,
1317 579 1409 632 83.)
1456 592 1497 621 et
1528 575 1656 633 δῶμα
1689 580 1760 632 (Jl.
1794 595 1846 634 α,
1879 579 2028 636 533),
2074 577 2214 640 δοτήρ

240 656 310 710 (Jl.
342 671 384 707 υ,
416 652 511 712 44.)
554 668 593 698 et
620 650 765 714 δωτήρ
814 655 918 710 (Od.
946 655 997 709 Ξ,
1026 652 1172 713 325.),
1222 653 1307 701 δύο
1352 655 1423 715 (Jl.
1455 670 1503 715 χ,
1537 655 1631 708 46.)
1677 667 1717 697 et
1747 652 1839 698 δύω
1882 658 1952 709 (Jl.
1985 654 2041 715 β,
2076 657 2215 710 822),

239 729 396 793 βοτῆρ’
423 731 523 786 (Od.
552 745 597 783 o,
631 730 755 785 504.)
805 745 846 774 et
884 731 1040 791 βώτωρ
1082 732 1183 786 (Οά.
1212 728 1257 782 ξ,
1300 729 1443 787 102.),
1496 729 1722 778 Διόνυσος
1767 732 1870 782 (Od.
1904 732 1952 781 λ,
1995 734 2117 782 325.)
2174 744 2216 773 et

240 806 472 854 Διώνυσος
501 809 569 861 (Jl.
600 805 647 859 ζ,
684 806 828 863 135.),
870 809 1084 865 γαιήοχος
1112 806 1214 863 (Od.
1246 824 1290 859 α,
1324 808 1419 860 68.)
1454 821 1494 850 et
1521 807 1743 865 ἀγέρωχος
1775 806 1847 864 (Jl.
1878 823 1916 859 η,
1947 805 2095 865 343.),
2136 825 2217 852 πο-

239 883 415 939 τάομαι
449 883 519 938 (Jl.
548 880 589 942 β,
618 882 743 938 462.)
771 897 811 926 et
840 883 1084 940 πωτάομαι
1111 882 1180 940 (Jl.
1215 897 1273 938 μ,
1305 880 1451 937 287.),
1482 880 1676 938 τρόπεον
1708 883 1780 936 (Jh
1814 896 1860 933 σ,
1885 880 2003 937 224.)
2038 896 2077 924 et
2107 898 2216 939 τρω-

224 946 425 1001 'stactem
470 958 576 1015 (od.
605 975 649 1011 τ,
684 964 787 1004 521.
836 963 913 1002 cfr.
943 963 1125 1002 Eustath.
1164 961 1216 1001 ad
1248 959 1318 1000 oa
1360 976 1401 1014 p.
1442 957 1580 1006 1639,
1610 956 1683 1000 40.
1719 958 1771 998 ad
1799 958 1852 999 J1.
1895 976 1936 1015 p.
1975 961 2076 1007 719,
2108 956 2211 1012 56),

238 1035 520 1095 ἐπίστροφος
550 1032 656 1091 (Od.
687 1051 732 1087 α,
759 1026 879 1091 177.)
915 1049 957 1078 et
987 1036 1312 1095 ἐπιστρωφῶσι
1344 1033 1500 1092 (0(1.ρ,
1520 1032 1654 1085 486),
1687 1034 1873 1091 τροχάω
1908 1034 2009 1087 (Od.
2031 1048 2069 1083 o,
2089 1031 2212 1088 451.)

239 1125 276 1155 et
307 1111 498 1171 τρωχάω
526 1110 593 1169 (Jl.
623 1127 672 1170 χ,
710 1110 855 1169 163.),
889 1110 1051 1163 πολέω,
1086 1109 1385 1171 ἀμφιπολεύω
1416 1107 1519 1166 (Od.
1550 1124 1590 1166 v,
1627 1110 1718 1163 78.)
1759 1123 1801 1152 et
1831 1110 2012 1165 πωλέω,
2052 1113 2215 1152 ἐπιπω-

238 1185 321 1229 λέω
354 1187 421 1240 (Jl.
449 1202 487 1244 γ,
526 1187 666 1240 196.),
698 1185 791 1229 σόω
822 1186 892 1242 (Jl.
927 1201 972 1239 ι,
1004 1183 1128 1242 424.)
1161 1198 1201 1228 et
1233 1188 1331 1229 σώω
1363 1186 1436 1243 (Jl.
1472 1187 1516 1238 Ξ»,
1550 1186 1686 1243 363),
1719 1185 1890 1239 πλοῖξω
1923 1189 2062 1238 (Suid.
2098 1206 2126 1229 s.
2158 1187 2217 1242 v.)

239 1276 278 1305 et
309 1259 487 1316 πλωΐζω
516 1264 707 1317 (Hesiod.
731 1258 851 1322 Ἕργ.
885 1262 1022 1318 634.),
1050 1262 1247 1319 πλοϊμος
1280 1276 1319 1305 et
1350 1261 1562 1318 πλώϊμος,
1591 1260 1783 1321 κόβαλος
1817 1276 1857 1306 et
1884 1261 2108 1322 κώβαλος,
2142 1265 2213 1305 κο-

237 1353 333 1382 νιον
365 1337 574 1395 (κύνειον)
608 1351 648 1383 et
678 1338 884 1391 κώνειον,
914 1335 1053 1398 μυρία
1085 1352 1126 1381 et
1151 1338 1323 1394 μωρία,
1358 1340 1613 1398 συκόμορον
1646 1339 1764 1395 (ficus
1799 1358 1951 1397 sycom.
1988 1343 2128 1391 Linu.)
2175 1357 2214 1382 et

236 1413 512 1473 μωρόσυκον.
576 1415 762 1456 Eandem
802 1416 1012 1457 licentiam
1057 1428 1205 1473 poetae
1245 1418 1289 1457 in
1330 1417 1470 1457 multis
1512 1416 1809 1470 adiectivorum
1852 1419 2210 1458 terminationibus

237 1492 470 1548 intelligere
503 1492 623 1543 licet,
663 1503 709 1532 ut
742 1504 803 1533 est
830 1489 996 1539 σκιόεις
1035 1492 1134 1545 (Οᾶ.
1167 1506 1208 1543 ν,
1243 1491 1305 1544 2.)
1348 1505 1392 1534 et
1423 1490 1596 1549 εὐρώεις
1628 1491 1701 1546 (Jl.
1731 1506 1782 1543 v,
1816 1489 1938 1547 65.),
1973 1483 2218 1548 oinoeto'ug

199 1596 201 1599 -
238 1568 305 1621 (Jl.
333 1582 372 1617 ν,
406 1566 526 1619 617.)
557 1578 597 1607 et
631 1565 789 1614 ὠτώεις
828 1568 898 1620 (Jl.
932 1570 993 1619 ψ,
1027 1564 1173 1622 264.),
1217 1567 1432 1626 μετήορος
1477 1568 1546 1620 (Jl.
1577 1567 1629 1617 8,·
1662 1567 1754 1619 26.)
1797 1581 1837 1609 et
1872 1569 2072 1625 ἀπήωρος
2111 1569 2212 1625 (Od.

237 1661 285 1698 μ,
317 1644 455 1697 435)
521 1646 606 1689 Csr.
639 1646 823 1686 Eustath.
859 1645 911 1686 ad
934 1645 985 1686 Jl.
1019 1662 1063 1702 p.
1099 1643 1210 1695 671,
1250 1646 1317 1687 15.
1354 1657 1393 1686 et
1425 1643 1478 1685 ad
1507 1643 1591 1687 Od.
1623 1662 1668 1702 p.
1703 1642 1830 1695 1749,
1865 1643 1936 1688 36.
2002 1645 2087 1687 Sed
2122 1662 2211 1688 ine-

236 1706 553 1770 morabileiest,
597 1719 689 1761 illas
729 1721 839 1777 ipsas
876 1726 1180 1776 voces‚'quas
1218 1719 1271 1759 ad
1310 1735 1481 1759 examen
1522 1735 1741 1769 vocamus,
1799 1722 1853 1763 ita
1893 1722 2006 1777 apud
2052 1734 2210 1762 veteres

236 1799 409 1854 scriptas
441 1797 644 1853 reperiri,
686 1807 730 1836 ut
756 1809 781 1836 ο
813 1797 939 1837 breve
981 1797 1093 1836 insit.
1165 1796 1271 1835 Nam
1321 1795 1471 1853 legitur
1511 1796 1625 1852 apud
1665 1796 1960 1854 Etymologum
1999 1797 2100 1846 630,
2134 1801 2207 1841 25.

238 1862 518 1928 ἐγχείμορὸς,
568 1872 751 1927 itemque
781 1867 1026 1927 σινάμορος
1057 1869 1213 1926 (Etym.
1245 1873 1347 1920 713,
1378 1870 1496 1922 27.)·,
1537 1888 1659 1927 quam
1688 1872 1861 1928 quidem
1889 1874 2065 1914 sormam
2098 1875 2211 1930 apud

238 1946 498 1988 Herodotum
543 1946 624 2000 (V,
660 1946 734 1990 92.
768 1941 826 2001 6.)
867 1945 1144 1986 exhibuerunt
1183 1945 1376 1986 nonnulli
1412 1945 1624 1994 editores,
1667 1947 1995 2004 Wesselingius,
2036 1950 2208 1991 Reizius.

238 2023 327 2074 alii3
362 2024 618 2064 recentiores
651 2033 813 2071 autem,
847 2020 1112 2069 Gaisfordus,
1146 2022 1367 2071 Matthiae,
1395 2022 1613 2071 Baehrius,
1651 2026 1879 2064 constantia
1913 2024 2050 2072 ducti,
2085 2025 2210 2065 σινοί-

237 2110 377 2156 μωρος
404 2109 520 2140 recte
562 2109 827 2155 receperunt.
894 2097 983 2149 Cifr.
1024 2096 1207 2141 Lobeck.
1253 2097 1306 2137 ad
1347 2098 1503 2155 Phryn.
1543 2114 1587 2154 p.
1622 2096 1726 2140 690.
1793 2101 1933 2140 Unum
1966 2102 2212 2142 vocabulum

238 2174 648 2217 commemorandum
676 2185 805 2216 restat
831 2176 874 2214 in
905 2187 930 2214 ο
960 2175 1086 2215 breve
1120 2189 1287 2230 semper
1320 2173 1534 2223 desinens,
1568 2172 1807 2232 γεώμορος,
1845 2175 2096 2231 γειόμορος,
2138 2178 2210 2230 γή-

236 2265 399 2311 μορος,
428 2249 640 2311 γάμορος,
671 2267 754 2310 quo
788 2250 1064 2309 agricolarum
1098 2249 1201 2292 ordo
1234 2251 1278 2290 in
1309 2251 1439 2291 veteri
1467 2251 1782 2291 Atheniensium
1810 2268 1854 2291 re
1882 2251 2050 2307 publica
2088 2255 2212 2309 signi-

237 2330 382 2369 ficatur
419 2326 517 2383 (cfr.
552 2329 702 2368 Aesch.
737 2329 887 2385 Suppl.
908 2328 1014 2370 628.
1048 2328 1228 2383 Hesych.
1261 2344 1294 2368 s.
1314 2345 1350 2367 v.
1380 2328 1536 2367 Herod.
1555 2329 1649 2381 VII,
1674 2330 1772 2369 155.
1801 2329 1935 2383 Etym.
1963 2329 2066 2378 229,
2096 2328 2210 2383 43.>;

237 2407 423 2462 itemque
456 2404 509 2446 de
536 2404 641 2446 bove
669 2403 841 2462 legitur,
873 2405 1070 2446 nimirum
1102 2402 1282 2462 agricola
1315 2414 1356 2443 et
1383 2413 1545 2443 aratore
1579 2403 1791 2459 (Apollon.
1825 2402 1960 2443 Rhod.
1993 2405 2154 2460 Argon.
2180 2407 2209 2456 I,

241 2479 403 2532 1214)
470 2482 583 2532 Quae
610 2495 688 2521 vox
717 2492 779 2520 est
803 2482 956 2522 nostris
988 2478 1321 2538 ἰ11ὶ3,Ρει·εἰιῑι11ἰ5
1331 2510 1343 2528 ,
1377 2477 1492 2534 quod
1518 2479 1633 2534 prior
1667 2479 1752 2516 eius
1784 2492 1878 2533 pars
1913 2478 2211 2520 substantivum

238 2569 319 2606 est,
359 2556 522 2613 reliqua
564 2568 699 2597 autem
741 2556 954 2613 exempla,
997 2556 1148 2614 quibus
1177 2554 1229 2597 ad
1258 2556 1502 2598 sententiam
1539 2551 1803 2609 probandam
1847 2555 1911 2595 usi
1944 2570 2102 2606 sumus,
2143 2569 2212 2599 aut

237 2630 436 2676 adiectiva
468 2632 758 2684 continebant,
786 2642 855 2674 aut
887 2630 1125 2690 particulas,

1899 2701 1933 2722 ἢ
