2411 3275
1075 245 1379 286 ...16-

225 370 446 425 Dammins
478 380 597 426 putat
637 363 737 422 (lex.
767 368 925 408 homer.
963 383 992 409 s.
1028 385 1062 434 v:
1096 362 1401 426 εὐρυκρείων),
1445 366 1520 408 sed
1554 382 1605 410 ex
1635 367 1804 413 illorum
1843 381 2078 427 temporum
2103 360 2212 410 ⁷con-

228 443 471 495 suetudine3
505 459 630 501 quam
659 442 833 501 quidem
861 445 1104 485 sententiam
1138 444 1366 486 sexcenties
1398 442 1572 499 probari
1605 444 1817 493 existimo,
1850 444 1924 486 ubi
1956 444 2213 488 recentiores

230 522 479 577 interpretes
511 535 685 576 prorsus
720 519 799 586 alia
832 519 1017 561 divinant
1062 532 1102 562 et
1134 523 1382 569 coniiciunt,
1422 520 1577 561 nostu’s
1605 520 1791 562 moribus
1822 521 2087 578 politioribus
2128 520 2214 563 sor-

228 605 333 635 tasse
369 605 668 644 consentanea,
714 595 765 634 ab
805 594 1015 635 homerica
1050 605 1188 656 aetate
1222 596 1479 638 alienissima.
1542 596 1617 637 His
1668 598 1813 653 paucis
1858 597 1962 640 loeis
2008 597 2111 655 quid
2159 596 2212 637 de

230 669 369 709 multis
421 671 620 720 sentiam,
655 670 815 711 dictum
847 682 957 723 esto;
1009 671 1084 712 sed
1135 687 1290 730 operae
1328 673 1513 729 pretium
1560 684 1638 721 est,
1678 673 1877 729 singulari
1919 673 2209 730 disquisitione

230 744 404 786 Homeri
438 747 618 786 carmina
653 735 905 788 eonomine
935 747 1188 790 enucleatius
1220 760 1490 807 pertractare,
1523 759 1580 799 ut,
1613 764 1696 805 quo
1723 748 1849 791 modo
1884 765 2049 806 quaque
2075 761 2213 791 mente

232 824 419 865 convicia
452 823 565 881 apud
594 824 824 865 Homerum
852 823 1140 880 proferantur,
1173 836 1364 867 accurate
1398 823 1607 865 doceatur.
1674 821 1814 876 Quodv
1838 824 1911 881 qui
1943 823 2216 865 familiaritate

233 915 327 937 cum
357 900 540 939 Homero
567 911 788 940 contracta
834 888 912 938 rite
946 900 1164 956 suscipiet,
1214 915 1298 940 non
1332 899 1607 947 dubitandum
1641 911 1724 948 est,
1776 902 1879 957 quin
1911 899 1964 941 de
1995 899 2212 957 permultis

229 974 342 1016 locis.
367 975 534 1033 egregie
567 987 737 1016 mereat.

1153 1052 1189 1105 ς.
1230 1054 1294 1094 10.

355 1128 562 1183 Proposui
596 1143 701 1184 quae
736 1127 789 1166 de
824 1142 925 1167 voce
970 1124 1159 1183 ἱόμωρος
1192 1128 1355 1169 duobus
1388 1127 1471 1168 illis
1503 1127 1608 1169 locis
1652 1130 1741 1168 iure
1780 1129 1919 1186 aliquo
1962 1129 2082 1168 statui
2114 1141 2216 1184 pos-

232 1203 311 1242 sint
343 1200 542 1258 idemque
582 1202 653 1242 illa
686 1203 902 1243 statuenda
936 1220 1026 1244 esse
1062 1220 1180 1261 nego.
1246 1208 1351 1246 Nam
1402 1222 1478 1262 ego
1516 1208 1565 1245 in
1606 1218 1784 1262 utroque
1831 1207 1926 1247 loco
1977 1207 2089 1247 vocis
2133 1207 2215 1244 vim

235 1275 577 1317 contumeliosam
611 1293 699 1319 esse
734 1279 934 1320 existimo.
1008 1278 1100 1320 Hoc
1132 1290 1177 1320 ut
1208 1280 1298 1337 ipse
1334 1279 1576 1329 confirmes,
1631 1270 1850 1321 considera
1881 1278 2031 1329 modo,
2083 1294 2215 1335 quan-r

232 1363 318 1390 tum
364 1350 544 1400 differat,
594 1362 733 1391 utrum
774 1352 923 1410 aliquis
965 1353 1207 1393 fortitudine
1241 1355 1412 1412 insignis
1455 1356 1664 1413 armisque
1707 1355 1932 1396 tractandis
1971 1354 2213 1411 praeclarus

229 1428 461 1484 sagittando
503 1431 625 1470 etiam
673 1429 851 1471 excellat
899 1431 982 1471 sive
1027 1432 1071 1488 in
1114 1433 1350 1480 venatione,
1406 1433 1493 1473 sive
1539 1434 1582 1472 in
1629 1431 1763 1480 ludis,
1807 1433 1898 1485 ‘sive
1944 1431 2126 1486 denique
2171 1433 2215 1470 iu

231 1520 400 1562 pugna,
455 1521 507 1545 an
539 1505 583 1546 in
616 1506 773 1562 sagittis
819 1504 917 1548 solis
959 1518 1185 1564 occupatus
1233 1519 1273 1549 et
1319 1509 1363 1548 in
1395 1524 1495 1550 arcu
1527 1506 1701 1566 gloriam
1735 1518 1915 1565 quaerat„
1969 1507 2081 1558 ,Qui
2132 1507 2213 1547 hoc

230 1596 360 1620 unum
392 1580 595 1629 facerent,
626 1581 811 1637 ignavius
846 1598 971 1639 agere
1003 1581 1272 1633 videbantur,
1306 1601 1328 1624 a
1356 1585 1653 1625 certaminibus
1685 1582 2025 1633 excludebantur,
2061 1583 2213 1640 quibus

228 1657 382 1698 bellica
411 1659 538 1698 virtus
568 1668 610 1697 et
641 1656 840 1696 fortitudo
875 1656 1090 1707 valerent,
1135 1662 1257 1699 armis
1301 1672 1534 1718 ornatuque
1580 1659 1733 1714 bellico
1777 1661 1973 1700 carebant
2006 1671 2128 1716 atque
2165 1674 2215 1697 ex

232 1733 415 1773 secunda
445 1734 533 1773 acie
567 1745 764 1789 tanquam
814 1748 863 1773 ex
898 1733 1059 1774 insidiis
1107 1736 1296 1777 hostibus
1337 1739 1562 1787 nocebant3
1613 1752 1792 1795 quorum
1835 1738 2137 1793 sagittariorum
2168 1751 2215 1775 ac

230 1808 491 1850 funditorum
526 1809 696 1867 insignis
729 1810 865 1867 imago
899 1811 943 1850 in
966 1810 1114 1851 Locris
1149 1813 1404 1869 conspicitur
1433 1811 1557 1870 (Jl.v‚
1577 1813 1678 1856 713.
1700 1807 1793 1870 sq.).
1859 1810 2076 1869 Siquidem
2108 1821 2215 1852 tem-

230 1888 405 1943 poribus
449 1886 630 1926 heroicis
673 1885 775 1925 belli
810 1885 941 1943 gloria
985 1901 1035 1925 ex
1070 1886 1226 1926 ducum
1267 1889 1414 1928 virtute
1456 1889 1717 1945 potissimum
1758 1885 1941 1943 pendet,
1978 1900 2064 1925 non
2095 1885 2215 1925 facile

235 1979 421 2019 unquam
463 1963 716 2003 Achivorum
754 1963 996 2018 principes,
1039 1964 1400 2019 Agamemnonem
1443 1966 1635 2021 inquam,
1675 1963 1911 2011 Achillem,
1959 1962 2215 2003 Diomedem

189 2065 197 2073 ·
238 2052 470 2095 corumque
505 2032 749 2088 similesjin
780 2038 1074 2079 certaminibus
1109 2039 1262 2098 sagittis
1293 2041 1352 2082 uti
1386 2040 1653 2098 comperisti,
1685 2039 1882 2097 quoniam
1909 2037 1954 2078 id
1983 2039 2034 2078 ab
2071 2051 2216 2078 eorum

232 2116 418 2154 virorum
450 2126 593 2153 natura
626 2115 891 2155 abhorreret.
957 2116 1277 2164 Quarevhastas‚
1310 2116 1468 2173 gladios
1502 2117 1554 2155 ad
1581 2117 1798 2171 principes
1834 2127 1875 2155 et
1907 2115 2057 2161 fortes,
2093 2114 2215 2168 sagit-

236 2202 318 2239 tas,
352 2190 525 2240 fundas,
560 2192 603 2230 in
629 2191 779 2247 pugnis
815 2189 988 2247 quidem
1021 2189 1074 2231 ad
1107 2191 1352 2243 inferiores,
1388 2210 1499 2234 nunc
1533 2193 1586 2234 ad
1621 2193 1775 2241 duces,
1808 2207 1918 2232 nunc
1951 2190 2005 2231 ad
2034 2188 2214 2231 bellato-

236 2284 304 2308 res
336 2268 575 2326 gregarios,
604 2283 712 2309 nunc
749 2266 802 2308 ad
828 2268 1105 2310 barbarorum
1137 2266 1394 2324 populorum
1428 2267 1681 2326 singularem
1712 2283 1831 2310 usum
1863 2265 2027 2307 referre
2059 2264 2215 2323 proba-

238 2344 324 2383 bile
362 2355 438 2383 est.
502 2345 643 2399 Atque
679 2355 724 2382 ut
758 2347 915 2395 strenui
947 2344 1203 2392 bellatores,
1249 2343 1363 2399 quid·
1385 2343 1574 2401 dignitati
1612 2359 1710 2383 suae
1745 2326 2058 2401 eiqueJUquam
2088 2341 2216 2379 meri-

242 2418 398 2459 tissimo
436 2417 705 2467 obtinerent,
757 2419 985 2460 auctoritati
1020 2408 1348 2460 consentaneum
1393 2431 1524 2470 esset,
1576 2412 1891 2476 intelligentes,
1930 2428 2138 2477 perpetuo
2173 2417 2216 2455 in

239 2494 423 2551 gravium
457 2506 499 2535 et
530 2487 761 2533 arduamm'
784 2509 929 2533 rerum
956 2496 1200 2536 tractatione
1230 2497 1527 2546 yersabantur,
1568 2497 1622 2537 ita
1656 2490 1892 2554 sagittarum
1924 2493 2216 2535 iaculationem

240 2568 460 2610 subdolam
490 2569 603 2610 illam
631 2581 677 2611 ut
707 2569 866 2611 humile
901 2570 1102 2628 quiddam
1132 2587 1277 2631 neque
1310 2573 1404 2614 satis
1435 2572 1627 2631 dignum,
1674 2588 1755 2631 quo
1790 2571 1922 2631 gloria
1951 2563 2215 2628 comparare-

240 2657 330 2697 tur,
362 2648 655 2704 vituperabant
691 2659 732 2688 et
766 2648 810 2686 in
850 2648 949 2689 vitio
984 2659 1108 2705 atque
1152 2648 1370 2691 dedecore
1410 2652 1636 2708 ponebant.
1703 2651 1829 2692 Cuius
1861 2651 1927 2691 rei
1969 2665 2062 2690 cum
2092 2661 2217 2702 aper-
