2411 3275
1064 206 1372 247 -10-

227 321 537 385 δυσβουλία
506 342 590 381 sure
606 321 900 383 κακοβουλία,
926 322 1198 383 ἀπρόσωπος
1229 327 1357 377 idem,
1385 328 1504 387 quod
1516 329 1884 391 κακοπρόσωπός,
1920 327 2044 392 ἄβιος
2075 334 2205 385 idem,

229 404 348 461 quod
367 398 580 460 δύσβιοςς
615 404 715 443 item
733 400 877 458 γάμος
897 414 1083 457 αγαμος,
1105 396 1229 461 δῶρα
1254 396 1421 462 ἄδωρα.
1489 406 1627 458 Quare
1648 420 1680 449 α
1703 406 1813 451 illud
1837 407 1953 450 idem
1986 420 2060 460 est,
2089 408 2207 467 quod

232 475 323 531 δυς,
326 493 392 522 ut
406 479 619 536 Penelope
638 479 792 520 dicitur
812 473 950 535 μῆτερ
968 478 1064 533 ἐμή,
1085 472 1331 535 δύσμητερ,
1364 478 1449 521 Od.
1463 482 1512 532 ψ,
1526 481 1600 523 97.
1623 483 1810 539 itemque
1828 484 1879 527 Π.
1891 495 1937 534 σ,
1960 484 2034 528 54.
2065 484 2210 528 Achil-

230 556 280 596 lis
313 561 443 596 mater
463 550 910 613 δυσαριστοτόκεια,
944 571 1048 612 quae
1082 556 1295 612 egregium
1324 553 1466 595 filium·
1488 557 1678 613 peperit,
1723 557 1800 598 sed
1830 558 1925 601 diro
1962 551 2043 602 suto
2083 560 2211 602 desti-

232 644 385 672 natum.
451 632 597 689 Itaque
621 626 824 688 ὀίμμορος
835 628 910 688 (Jl.
928 627 967 682 ζ,
987 629 1111 684 408.)
1144 631 1259 673 idem
1290 627 1503 686 significat,
1536 629 1652 687 quod
1677 625 1914 691 δυστυχής
1936 633 2020 675 sive
2038 627 2213 690 δύσμο-

233 722 333 765 ρος,·
381 707 622 764 eodemque
650 707 777 749 modo
819 706 1183 763 interpretandum
1213 718 1275 747 est
1300 701 1499 761 ἀμμορίη
1531 694 1645 757 (Od.
1665 720 1719 757 υ,
1757 707 1875 758 76.),
1909 711 2208 762 infortunium.

267 827 280 832 ,
362 780 409 842 g)
443 783 492 824 In
542 798 644 825 voce
677 775 974 840 δυσάμμορος
1003 778 1075 840 (Jl.
1110 797 1167 841 χ,
1199 782 1305 827 428.
1338 779 1443 826 485.
1486 796 1540 834 ω,
1571 781 1697 836 727.)
1737 785 1967 842 particulae
2000 781 2079 833 δυς
2111 798 2151 826 et
2183 801 2216 826 α

239 860 458 916 copulatae
501 861 583 899 vim
612 858 852 899 calamitatis
885 858 967 900 sato
1002 859 1179 900 tributae
1212 869 1380 915 augent.

363 936 405 977 3.
467 934 537 977 Ad
568 934 640 977 fati
672 935 885 977 notionem
914 934 1077 977 accedit
1106 935 1349 993 significatio
1382 935 1548 984 mortis,
1583 936 1743 992 quippe
1777 953 1883 993 quae
1914 938 2099 978 omnium
2132 935 2214 977 fito

240 1012 509 1052 contineatur.
577 1010 705 1050 Cuius
735 1011 798 1050 rei
831 1008 1025 1067 exempla
1053 1009 1260 1068 quaedam
1286 1025 1561 1068 apponamus.

364 1085 408 1143 a)
439 1084 665 1146 μόρσιμος
698 1098 761 1127 est
791 1088 915 1128 morti
947 1086 1194 1141 destinatus3
1225 1087 1430 1144 probatur
1459 1087 1505 1128 id
1536 1087 1589 1129 ΙΙ.
1612 1102 1661 1146 χ,
1688 1089 1758 1131 13.
1792 1089 1864 1130 ubi
1896 1088 2052 1147 Apollo
2073 1087 2215 1130 Achil-

239 1162 321 1201 lem
353 1161 580 1218 alloquitur
612 1162 676 1201 his
710 1161 862 1208 verbis,

486 1235 540 1276 οὐ
572 1232 656 1290 μέν
688 1248 743 1290 με
775 1231 984 1285 κτενέεις,
1018 1229 1114 1274 ἐπεὶ
1148 1221 1277 1275 οὔτοι
1304 1230 1531 1291 μόρσιμός
1558 1236 1666 1292 εἰμι.
1711 1260 1712 1263 =

238 1314 358 1354 Idem
388 1312 500 1354 valet
530 1314 574 1353 in
606 1312 791 1354 dictione
823 1309 1054 1368 μόρσιμον
1084 1304 1232 1369 ἦμαρ,
1265 1312 1350 1353 Od.
1383 1327 1420 1364 κ,
1456 1313 1556 1355 175.

365 1386 421 1445 b),
448 1387 675 1447 ὠκύμορος
707 1387 887 1429 alterum
917 1386 1166 1429 vocabulum
1198 1400 1287 1439 est,
1334 1388 1451 1446 quod
1482 1389 1536 1430 de
1566 1401 1700 1431 morte
1731 1390 2096 1448 interpretandum
2129 1406 2217 1432 esse

242 1466 368 1508 dicas.
433 1465 570 1505 Habet
610 1463 719 1505 illud
766 1462 982 1522 duplicem
1025 1464 1398 1521 significationem,
1444 1464 1669 1524 passivam}
1709 1468 1785 1524 qui
1829 1479 1989 1524 mature
2034 1469 2222 1517 moritur,

244 1542 297 1582 Jl.
329 1556 373 1591 σ,
406 1543 480 1585 95.
512 1552 552 1581 ct
581 1542 775 1589 activam,
811 1541 883 1597 qui
913 1539 1106 1582 celeriter
1138 1553 1319 1582 mortem
1349 1552 1487 1597 parat,
1516 1553 1559 1582 ut
1591 1539 1654 1582 ἰοὶ
1685 1536 1928 1599 ὦκύμοροι,
1959 1542 2012 1583 Jl.
2047 1556 2087 1593 ο,
2119 1540 2225 1584 441.

1177 1666 1214 1718 S.
1244 1666 1288 1707 6.

371 1772 484 1813 Haec
514 1769 697 1812 tenenda
727 1780 823 1815 sunt
851 1768 904 1810 dc
937 1783 1038 1810 voce
1071 1763 1208 1825 μόρος
1242 1781 1366 1828 atque
1398 1770 1453 1812 ad
1484 1771 1793 1829 significationis
1823 1773 2053 1820 rationem,
2099 1786 2224 1827 quam

243 1847 428 1889 secundo
462 1845 557 1887 loco
591 1846 857 1903 exposuimus
877 1876 889 1894 ‚
920 1844 1165 1886 referendas
1198 1861 1288 1886 esse
1321 1861 1535 1887 censemus
1561 1861 1685 1888 voces
1712 1844 2016 1904 ἐγχεσίμωρος
2039 1876 2051 1896 ,
2087 1843 2226 1899 ἱόμω·

245 1938 318 1981 ρος
340 1956 352 1972 ,
382 1919 696 1980 ὑλακόμωροςξ,
729 1919 1171 1978 σινάμωρος,“ιιιοι10
1201 1932 1376 1970 statuas,
1406 1935 1432 1961 o
1464 1932 1666 1962 mutatum
1700 1936 1790 1963 esse
1823 1923 1874 1963 in·
1899 1935 1957 1972 ως
1989 1936 2123 1979 quam
2156 1920 2225 1961 lit-

247 2012 359 2041 terae
383 1998 720 2057 productionem·
739 1999 794 2041 ob
822 1997 970 2040 multas
998 1999 1148 2040 breves
1180 1997 1365 2048 vocales,
1414 2015 1519 2055 quae
1559 2000 1611 2038 ine
1633 1998 1716 2039 illis
1745 1999 1916 2039 vocibus
1948 1997 2224 2044 cumulantur,

243 2076 471 2117 necessitas
497 2076 667 2116 metrica
692 2074 888 2132 postulat.
951 2075 1114 2116 Scimus
1147 2076 1281 2124 enim,
1314 2076 1387 2132 qui
1420 2075 1648 2115 Homerum
1684 2074 1856 2132 legimus
1874 2105 1885 2123 ‚
1930 2073 2061 2114 multo
2093 2072 2222 2113 auda-

248 2152 333 2191 cius
360 2149 517 2191 litteras
545 2151 775 2208 permutari
806 2148 1119 2207 qualescunque
1168 2161 1209 2190 et
1246 2149 1422 2199 formas,
1465 2164 1497 2189 α
1529 2150 1709 2207 produci
1743 2152 1786 2190 in
1818 2164 1868 2200 η,
1910 2161 1955 2190 ut
1986 2144 2226 2206 χαλκοβά-

247 2239 324 2272 της
353 2220 427 2280 (Jl.
461 2239 507 2274 α,
540 2224 662 2277 426.)
694 2238 737 2267 et
767 2222 1068 2283 ἐμπυριβήτης
1098 2221 1171 2281 (Jl.
1204 2226 1255 2278 ψ,
1290 2227 1377 2267 70⁰
1354 2221 1436 2280 4.’;)
1470 2239 1507 2266 α
1534 2227 1578 2266 in
1609 2239 1673 2276 αι,
1697 2237 1756 2268 ιιι
1780 2223 1909 2284 παρά
1941 2225 2015 2279 (Jl.
2050 2238 2096 2274 α,
2131 2222 2229 2278 26.)

249 2316 289 2344 et
310 2298 460 2359 παραί
484 2301 552 2355 (Jl
571 2299 958 2356 ο,175.),εἰιιη,
990 2314 1036 2344 ut
1062 2300 1211 2358 μέροψ
1240 2299 1311 2357 (n.
1336 2316 1393 2353 α,
1407 2299 1531 2357 ⁰50)
1564 2297 1873 2359 ειμερμηρίζω
1906 2302 1979 2354 (.ΙΙ.
2008 2315 2054 2350 α,
2085 2297 2227 2354 1194)

249 2392 268 2418 ε
311 2381 355 2418 in
395 2391 452 2428 ει,
489 2389 537 2418 ut
576 2375 689 2419 λέων
735 2372 813 2433 (Jl.
842 2390 889 2428 ο,
920 2373 1045 2433 630.)
1093 2388 1134 2418 et
1180 2373 1357 2420 λείουσι
1400 2377 1471 2432 (Π.
1504 2391 1545 2428 ε,
1579 2378 1679 2422 782.
1682 2376 1722 2430 );
1769 2392 1795 2419 ο
1835 2379 1880 2419 in
1912 2392 1961 2428 η,
1996 2388 2040 2418 ut
2083 2374 2231 2432 ὀλιγο-

250 2449 448 2515 δρανέων
492 2450 565 2509 (Jl.
598 2467 649 2502 ο,
681 2448 811 2517 246.)
855 2463 899 2493 et
929 2449 1289 2509 ὀλιγηπελέουσα
1322 2455 1438 2508 (Od.
1458 2469 1516 2506 τ,
1548 2451 1691 2509 356.);
1742 2469 1769 2495 o
1806 2456 1850 2496 in
1881 2468 1957 2503 οι,
2005 2466 2051 2494 ut
2095 2450 2230 2511 μόρος

250 2530 355 2583 (Od.
383 2542 433 2581 π,
465 2527 592 2581 4910
617 2538 662 2570 et
690 2528 833 2587 μοῖρα
857 2523 934 2585 (Π.
965 2541 1013 2579 π,
1043 2527 1188 2583 853.);
1216 2542 1243 2582 ο
1272 2532 1316 2573 in
1346 2545 1421 2582 ου,
1454 2542 1500 2574 ut
1530 2526 1720 2589 δολιχός
1747 2528 1818 2588 (Jl.
1849 2545 1886 2585 κ,
1922 2525 2016 2586 52.)
2049 2542 2089 2572 et
2120 2522 2232 2571 δου-

252 2602 510 2665 λιχόδειρος
541 2607 610 2659 (Jl.
640 2604 683 2663 β,
714 2604 857 2657 460.).
923 2607 1067 2663 Itaque
1117 2623 1210 2647 cum
1242 2608 1545 2665 productiones
1576 2607 1779 2650 eiusmodi
1824 2609 1866 2649 in
1898 2606 2070 2666 reliquis
2112 2620 2232 2648 voca-
