2411 3275
1074 222 1131 230 .-
1200 202 1229 245 6
1294 223 1351 231 -

1164 324 1276 381 94.

337 406 386 446 In
419 405 665 447 formatione
689 415 730 445 et
757 402 1057 462 significatione
1090 401 1381 445 constituenda
1409 400 1679 445 redeundum
1712 414 1773 446 est
1803 402 1857 445 ad
1890 417 2037 447 vocem
2062 407 2201 456 MEP,

210 498 263 523 ex
304 499 386 539 qua
422 481 563 523 radice
605 480 807 538 permulti
855 479 1011 520 surculi
1062 481 1429 536 progeminarunt,
1468 492 1514 521 ut
1557 477 1713 539 μέρος,
1761 477 2001 538 μείρομαι,
2049 477 2201 538 μόρος,

208 559 353 616 μοῖρα
386 570 427 600 et
457 557 736 616 amplificatae
763 556 921 599 formae
953 554 1206 614 μέρμερος,
1239 549 1518 612 μερμηρίζω,
1562 554 1677 596 aliae·
1743 556 1932 607 Quorum
1977 555 2200 598 vocabulo-

209 648 303 673 rum
337 635 580 690 primariam
613 635 696 673 vim
732 644 772 673 et
803 633 1020 673 notionem
1047 632 1091 671 in
1132 629 1363 673 dividendo
1398 640 1439 671 et
1471 628 1695 671 tribuendo
1727 631 1907 688 positam
1939 632 1973 672 si
2007 629 2200 674 enuclea-

212 713 289 751 tius
324 709 668 758 consideramus,
703 722 785 750 tres
818 710 1081 764 potissimum
1114 707 1436 764 significationes
1469 721 1512 745 se
1546 707 1780 763 excipiunt,
1828 717 1871 746 ut
1914 708 2098 763 primum
2130 723 2199 764 ge-

213 784 411 826 neraliter
439 801 535 841 pars
570 784 784 841 quaelibet
816 783 1054 831 indicetur,
1090 795 1176 823 tum
1208 782 1369 823 ratione
1399 780 1685 831 considerata,
1733 797 1839 838 quae
1881 781 1982 823 deos
2019 773 2199 822 interce—

212 860 273 901 dit
304 872 428 917 atque
461 861 678 908 homines,
712 875 759 899 ea
792 875 889 916 pars
926 870 966 899 et
1000 857 1185 899 conditio
1215 858 1494 914 significetur,
1533 872 1658 914 quam
1691 874 1713 897 a
1746 856 1824 898 diis
1862 859 2124 899 constitutam
2157 860 2199 897 in

214 936 292 975 vita
327 936 591 991 experimur,
624 933 810 991 denique
846 949 927 974 una
958 932 1030 973 illa
1060 948 1156 989 pars
1195 932 1442 989 singularis,
1479 932 1610 974 fatalis
1657 933 1981 991 hominibusque
2016 949 2199 975 commu-

213 1011 276 1050 nis
310 1011 524 1067 cogitetur.
590 1011 758 1050 Etenim
790 1009 1028 1050 hominibus
1056 1007 1161 1048 nihil
1196 1019 1257 1049 est
1294 1020 1428 1049 morte
1463 1009 1638 1058 certius,
1686 1021 1726 1050 et
1769 1023 1865 1051 vere
1899 1011 2009 1051 canit
2048 1009 2201 1052 Home-

214 1102 304 1134 rus,
337 1087 388 1125 Jl.
423 1083 476 1136 ζ,
510 1085 614 1128 488.

459 1176 626 1233 μοῖραν
655 1170 700 1218 δ’
733 1165 896 1218 οὔτινά
924 1181 1044 1234 φημι
1075 1168 1363 1233 πεφυγμένον
1396 1165 1587 1228 ἔμμεναι
1620 1169 1809 1229 ἀνδρῶν.

207 1268 280 1306 Est
328 1265 399 1306 illa
445 1266 649 1306 sententia
695 1266 900 1307 humanae
934 1267 1086 1307 mentis
1123 1263 1289 1306 naturae
1335 1263 1526 1322 profecto
1573 1275 1870 1314 consentanea,
1913 1276 2034 1322 atque
2077 1280 2197 1306 voces

208 1339 348 1396 μόρος
382 1352 422 1381 et
453 1342 595 1396 μοῖρα
628 1340 700 1393 (de
732 1343 797 1381 his
833 1344 943 1381 enim
976 1343 1072 1383 solis
1106 1357 1218 1381 nunc
1251 1357 1372 1397 agere
1396 1340 1571 1397 placet3)
1606 1356 1700 1380 cum
1733 1341 1956 1399 simplices,
1991 1352 2077 1381 tum
2110 1341 2197 1381 aliis

211 1413 425 1457 vocabulis
469 1413 717 1465 adiunctas,
767 1415 935 1455 illarum
967 1416 1092 1456 trium
1124 1408 1471 1471 significationum
1515 1434 1640 1458 unam
1676 1429 2020 1474 repraesentare,
2075 1434 2198 1474 quam

206 1489 380 1550 quidem
422 1488 507 1532 loci
547 1505 691 1532 sensus
736 1491 940 1550 proponit
971 1503 1095 1549 atque
1131 1493 1419 1544 commendat,
1462 1494 1636 1535 Homeri
1674 1493 1798 1536 lectio
1843 1510 1910 1535 me
1962 1504 2197 1536 constanter

210 1567 366 1608 docuit.
433 1568 579 1623 Itaque
609 1569 749 1625 μοῖρα
794 1571 979 1625 primum
1022 1582 1244 1625 usurpatur
1299 1570 1350 1609 de
1384 1581 1502 1626 parte
1548 1571 1631 1609 sive
1670 1571 1865 1626 portione
1899 1569 2194 1626 qualicunque,

208 1658 334 1699 quam
377 1640 527 1698 aliquis
580 1644 766 1683 nancisci
812 1655 972 1699 potest,
1024 1643 1147 1684 veluti
1181 1660 1309 1701 opum
1361 1645 1460 1697 (Od.
1496 1640 1547 1693 δ,
1581 1640 1703 1698 97),
1748 1646 1830 1684 cibi
1887 1641 1988 1697 (Od.
2023 1640 2057 1692 ξ,
2093 1643 2192 1685 448.

203 1731 241 1775 ρ,
273 1719 373 1761 335.
406 1731 453 1768 τ,
485 1715 632 1768 423),
680 1717 814 1758 noctis
864 1716 931 1769 (ΙΙ.
965 1732 1003 1766 κ,
1039 1715 1188 1773 253),
1237 1721 1417 1777 regionis
1469 1717 1538 1773 (Jl.
1570 1733 1621 1760 π.
1657 1716 1777 1772 68),
1831 1720 2001 1758 aliarum
2051 1736 2191 1760 rerum

203 1791 307 1846 (Od.
343 1808 380 1847 γ,
416 1792 487 1834 40.
522 1793 573 1833 Jl.
608 1786 649 1841 δ,
690 1794 784 1834 170.
819 1805 859 1843 ο,
898 1790 1025 1847 195.)
1921 1786 1926 1790 ”

327 1868 595 1910 Vocabulum
629 1864 766 1923 μόρος
787 1868 958 1924 quidem
992 1870 1099 1908 hanc
1127 1870 1407 1910 universalem
1432 1871 1773 1926 significationem
1806 1886 1890 1910 non
1923 1872 2048 1911 habet
2079 1873 2193 1927 apud

202 1946 460 1992 Homerum,
497 1954 642 1985 contra
679 1942 731 1984 de
764 1944 805 1985 vi
839 1942 1019 1999 quadam
1057 1942 1189 1993 fatali,
1242 1961 1366 2001 quam
1398 1947 1441 1985 in
1475 1947 1563 1986 vita·
1592 1947 1769 1986 humana
1807 1945 1942 1986 valere
1986 1947 2192 1987 existima-

204 2022 323 2069 bant,
361 2021 601 2078 saepissime
636 2031 868 2076 usurpatur.
933 2020 1092 2079 'Itaque
1122 2020 1226 2061 haec
1255 2020 1384 2061 altera
1415 2023 1555 2082 notio,
1607 2038 1731 2079 quam
1765 2021 1940 2062 eandem
1973 2021 2086 2063 dicas
2118 2037 2190 2078 ge—

201 2096 407 2144 neralem,
442 2109 568 2151 saepe
602 2095 741 2134 locum
768 2095 895 2133 habet
927 2095 970 2133 in
1004 2096 1256 2136 carminibus
1288 2097 1536 2146 homericis,
1567 2109 1611 2138 ut
1640 2112 1768 2154 quum
1801 2098 1957 2139 Hector
1979 2095 2186 2139 Achillem

200 2169 446 2229 alloquitur,
480 2170 532 2212 Jl.
565 2184 616 2229 χ,
650 2172 751 2214 280.

447 2253 693 2314 ἤμβροτες,
726 2251 823 2298 οὐδ’
858 2250 952 2312 ἄρα
981 2253 1046 2295 πώ
1080 2269 1158 2306 τι,
1193 2254 1318 2303 θεοῖς
1352 2251 1561 2296 ἐπιείκελ’
1588 2254 1834 2313 Ἀχιλλεῦ,

444 2332 491 2371 ἐκ
526 2329 635 2379 Διὸς
667 2327 827 2379 ἠείδεις
859 2328 945 2371 τὸν
977 2329 1087 2385 ἐμὸν
1121 2329 1286 2389 μόρον,
1319 2327 1420 2380 ἤτοι
1457 2325 1566 2389 ἔφης
1597 2346 1656 2388 γε.

196 2422 261 2463 De
291 2435 394 2462 voce
427 2421 571 2477 μοῖρα
602 2419 682 2459 hoc
716 2416 956 2475 exemplum
988 2418 1246 2467 adscribam,
1280 2418 1361 2457 Od.
1399 2432 1442 2468 ε,
1480 2419 1578 2460 114.

441 2507 544 2550 ἀλλ’
578 2504 647 2549 ἔτι
681 2506 724 2548 οἱ
754 2506 873 2566 μοῖρ’
908 2499 1011 2550 ἐστὶ
1045 2506 1205 2566 φίλους
1235 2508 1279 2550 τ’
1313 2505 1464 2553 ἰδέειν.

196 2597 281 2638 Cfr.
313 2595 365 2638 Π.
402 2609 452 2645 η,
488 2596 560 2637 52.
