2411 3275
1086 226 1394 268 ..14-

248 348 352 393 nihil
387 351 495 391 inest
528 349 767 398 dedecoris3
799 350 930 389 immo
954 348 1177 391 honorifici
1206 348 1366 405 aliquid
1393 362 1440 399 re
1473 350 1564 405 ipsa
1597 351 1823 399 contineri,
1856 348 2077 408 probabile
2108 348 2228 390 vide-

246 436 324 466 tur.
391 426 496 467 Nam
528 423 634 465 illud
666 427 868 468 MQPOF.
902 422 1058 464 indicat
1090 437 1345 481 perpetuum
1377 440 1497 466 usum
1532 437 1574 465 et
1608 416 1815 481 quandam
1848 428 2061 485 peritiam3
2103 426 2227 480 sagit-

243 513 377 541 tarum
422 515 522 541 vero
576 516 674 540 usus
727 501 829 558 quin
863 501 1030 540 omnino
1064 500 1319 541 honorificus
1353 499 1499 549 suerit,
1553 501 1646 557 quis
1680 500 1865 551 dubitat,
1917 517 2046 558 quum
2078 501 2143 541 vel
2176 499 2228 540 ad

243 576 344 616 ‹leos
382 577 591 616 referatur
640 587 766 631 atquc
815 575 1093 616 nobilissimos
1136 574 1390 615 bellatores?
1452 574 1526 612 Est
1578 575 1690 613 enim
1727 574 1882 631 Apollo
1934 568 2228 635 ἀργυρότοξος

240 649 309 708 (Jl.
330 665 374 704 α,
394 650 499 704 37.),
534 645 808 700 κλυτότοξος
840 643 967 706 (11.3,
997 647 1114 706 101.)
1147 651 1339 709 adeoque
1366 666 1533 708 praeses
1554 651 1633 698 τῆς
1656 645 1902 700 τοξοσύνης
1934 651 2002 704 (Jl.
2021 665 2059 703 ο,
2081 648 2225 701 441.);

238 729 371 768 Diana
406 728 561 770 dicitur
594 725 810 785 ἰοχέαιρα
846 725 913 780 (Jl.
949 740 986 779 ε,
1016 725 1196 790 53.),·εῑ
1227 728 1429 769 Hercules
1462 728 1558 768 artis
1592 728 1820 784 sagittariae
1855 730 1898 768 in
1930 729 2077 785 primis
2110 730 2227 785 peri-

237 815 300 843 tus
335 804 515 844 habetur
548 803 648 857 (Od.
683 802 732 853 Ξῖ,
752 791 893 854 2231).)
924 804 1023 844 item
1055 803 1275 861 sagittandi
1307 814 1394 845 arte
1429 803 1610 844 eminent
1642 802 1892 845 Philoctetes
1927 801 1993 856 (Jl.
2027 799 2069 859 β,
2091 802 2225 853 718),

234 881 349 922 Paris
389 878 457 936 (Jl.
492 879 546 931 δὲ,
581 878 698 930 81.),
750 880 931 936 Eurytus
976 881 1075 932 (Od.
1109 880 1169 931 Ξ,
1198 879 1339 937 224),
1390 883 1558 922 Teucer
1611 879 1677 933 (Jl.
1712 894 1766 932 π,
1794 881 1896 923 511.
1937 877 1992 929 3,
2028 879 2129 922 296.
2163 895 2224 938 sq.

233 957 283 1008 Ψ,
321 955 423 999 862.
458 970 502 1008 Ο,
534 953 635 998 440.
669 969 715 1005 ν,
747 953 887 1007 mlh),
940 955 1033 997 Idas
1078 956 1146 1009 (Π.
1180 972 1210 1006 ι,
1245 956 1389 1008 559.),
1446 957 1658 998 Meriones
1700 952 1774 1009 (Π.
1804 971 1841 1006 ν,
1871 956 1970 996 650.
2005 958 2053 1005 ψ,
2088 954 2227 1005 862),

235 1024 421 1071 Helenus
456 1032 524 1084 (Jl.
559 1045 597 1080 ν,
621 1030 763 1084 582.);
796 1033 875 1090 ipsi
909 1032 1056 1073 Achixi
1089 1034 1253 1091 sagittas
1287 1032 1442 1078 iaciunt
1471 1027 1597 1088 (Jl.y,
1619 1031 1687 1075 79.
1721 1046 1758 1080 ν,
1792 1032 1893 1074 313.
1928 1030 2228 1081 Od.2*,220.),

235 1121 360 1163 atque
406 1110 611 1148 Homerus
663 1124 845 1163 pugnam
892 1110 942 1146 ab
979 1110 1160 1147 Hectore
1194 1109 1459 1146 instauratam
1502 1106 1557 1145 ita
1591 1105 1813 1157 describit,
1868 1116 1912 1146 ut
1963 1106 2006 1146 in
2047 1115 2222 1162 utraque

230 1184 505 1242 pugnantium
561 1194 680 1241 parte
737 1195 777 1224 et
822 1185 1054 1241 sagittarios
1105 1183 1229 1224 fuisse
1284 1194 1442 1240 pateat,
1485 1193 1525 1221 et
1570 1183 1749 1223 hastatos
1802 1183 1869 1234 (Jl.
1903 1197 1951 1231 ο,
1983 1184 2084 1224 312.
2120 1182 2220 1223 709.

228 1274 277 1309 π,
313 1259 414 1301 361.
452 1258 586 1311 773.).
652 1259 819 1317 Sagittis
852 1260 1023 1302 iaculari
1057 1261 1100 1301 in
1134 1258 1331 1317 singulari
1364 1269 1451 1299 arte
1486 1257 1669 1315 positum
1701 1257 1847 1308 fuisse,
1888 1259 1974 1299 eius
2007 1260 2068 1299 rei
2102 1275 2221 1314 argu-

232 1349 419 1376 mentum
453 1348 530 1383 ρει,
584 1336 700 1393 quod
731 1336 983 1394 plerumque
1020 1336 1225 1376 eiusmodi
1269 1335 1580 1375 exercitationes
1624 1335 1668 1373 in
1713 1335 2006 1379 certaminibus
2039 1334 2220 1394 publicis

232 1413 602 1471 proponebantur,
630 1414 683 1454 ita
720 1425 764 1454 ut
791 1414 834 1454 in
862 1415 1043 1456 Patrocli
1076 1415 1222 1454 funere
1266 1414 1483 1469 principes
1515 1414 1773 1454 Achivorum
1805 1425 1891 1454 arte
1924 1412 1995 1452 illa
2036 1414 2143 1452 inter
2176 1427 2218 1450 se

230 1501 410 1531 certasse
442 1488 554 1528 haud
588 1486 827 1529 mirandum
857 1491 909 1531 sit
942 1490 1009 1543 (Jl.
1041 1495 1091 1547 φ,
1125 1491 1226 1533 850.
1262 1489 1366 1547 sq.);
1419 1491 1461 1530 in
1497 1505 1581 1547 quo
1616 1506 1770 1547 genere
1804 1489 2001 1547 singulari
2034 1489 2223 1529 dexteri-

230 1577 311 1604 tate
349 1564 547 1604 excelluit
580 1564 750 1621 Ulysses
785 1564 885 1617 (Od.
908 1563 967 1613 9,
1003 1567 1104 1606 215.
1139 1565 1245 1622 sq.)‚
1280 1566 1353 1621 qui
1385 1564 1569 1605 mendici
1602 1566 1743 1622 specie
1772 1565 1940 1606 indutus
1974 1564 2215 1606 Laertiadae

226 1656 370 1682 arcum
404 1639 600 1689 tetendit,
635 1630 750 1697 quod
785 1640 936 1681 frustra
971 1642 1106 1681 conati
1141 1654 1257 1682 erant
1288 1644 1407 1698 proci
1441 1639 1544 1698 (Od,
1576 1647 1627 1697 φ,
1665 1639 1762 1683 124.
1793 1640 1894 1698 sq.);
1926 1653 2049 1698 atque
2084 1642 2216 1681 socios

224 1717 384 1774 I'lyssis
420 1717 573 1773 sagittis
609 1717 832 1757 instructos
885 1728 925 1757 et
967 1733 1062 1757 usos
1097 1733 1205 1765 esse,
1258 1717 1377 1757 multi
1411 1717 1624 1774 Odysseae
1659 1717 1742 1758 loci
1783 1716 2020 1765 declarant,
2067 1718 2217 1773 quibus

229 1795 316 1849 ipsc
355 1805 396 1832 et
445 1793 547 1833 socii
588 1793 731 1833 sumtis
774 1793 952 1833 arcubus
1002 1804 1195 1833 venatum
1241 1793 1386 1833 exiisse
1435 1792 1633 1833 dicuntur
1684 1791 1783 1844 (Od.
1809 1806 1839 1840 ι,
1878 1790 1976 1833 156.
2010 1805 2049 1840 κ,
2085 1791 2215 1843 262.)

350 1871 437 1910 Hac
470 1868 751 1926 disputatione
781 1867 930 1908 ductus
965 1868 1037 1926 qui
1060 1867 1335 1909 honorificam
1365 1869 1460 1910 artis
1491 1868 1719 1926 sagittariae
1752 1867 2098 1925 significationem
2115 1883 2217 1925 pro-

226 1948 328 1985 bare
364 1958 403 1985 et
436 1947 478 1984 in
512 1944 677 1984 duobus
705 1943 788 1984 illis
820 1943 924 1984 locis
959 1941 1011 1981 ad
1046 1956 1192 1982 vocem
1225 1941 1414 2001 ἱόμωρος
1446 1944 1609 1985 referre
1644 1944 1769 1994 velit,
1812 1944 1940 1985 habet
1972 1943 2043 1985 ille
2077 1945 2216 2001 singu-

197 2022 314 2063 ⁴lare
362 2019 669 2079 probabilitatis
712 2019 891 2060 fulcrum
940 2021 981 2059 in
1022 2030 1166 2058 natura
1209 2021 1516 2076 permultorum
1561 2020 1772 2069 Iocorum,
1827 2020 1978 2077 quibus
2029 2021 2215 2061 convicia

228 2100 496 2139 continentur
538 2095 650 2153 apud
690 2096 930 2136 Homerum.
997 2096 1102 2136 Nam
1153 2095 1311 2137 hocin
1358 2096 1468 2137 illius
1512 2098 1655 2137 aetatis
1694 2095 1958 2153 simplicitate
2005 2096 2215 2153 cogitandi

227 2187 349 2231 atque
384 2175 426 2213 in
460 2187 623 2213 morum
658 2173 890 2227 integritate
918 2173 1101 2228 positum
1135 2184 1214 2218 est,
1255 2185 1319 2222 ut,
1355 2190 1448 2215 cum
1489 2189 1606 2214 suum
1641 2174 1791 2230 cuique
1822 2174 1996 2222 tribuat,
2038 2172 2215 2213 aliorum

227 2252 399 2291 rii-tutes
429 2260 468 2289 et
498 2249 594 2289 vitia
629 2264 760 2303 aeque
797 2247 1018 2296 diiudicet,
1053 2259 1177 2306 atquc
1214 2265 1308 2289 cum
1336 2249 1508 2290 alicuius
1542 2237 1724 2289 actiones
1763 2249 1807 2288 in
1839 2249 2215 2307 reprehensionem

226 2325 440 2368 vocandae
476 2326 576 2374 sint,
632 2325 804 2365 virtutes
838 2336 977 2365 tamen
1012 2337 1395 2367 commemorentur
1431 2338 1472 2367 et
1507 2342 1554 2366 ca
1594 2325 1797 2382 denique,
1853 2343 1958 2383 quae
2005 2325 2213 2366 laudanda

225 2408 332 2453 sint,
365 2407 407 2444 in
435 2404 626 2444 hostibus
661 2404 785 2442 etiam
817 2401 1052 2441 laudentur.
1117 2403 1279 2444 Nostris
1305 2403 1453 2443 diebus
1484 2419 1579 2444 usus
1614 2402 1732 2444 aliter
1766 2403 1866 2455 sert3
1898 2419 1996 2444 nam
2030 2404 2063 2444 si
2086 2419 2213 2460 quem

225 2480 405 2537 graviter
450 2475 857 2535 reprehendendum
906 2477 1200 2526 existimamus,
1258 2483 1427 2522 virtutes
1471 2482 1556 2521 eius
1606 2482 1774 2521 omnino
1807 2481 2053 2530 reticemus3
2106 2491 2145 2520 at
2178 2480 2212 2520 si

226 2556 330 2614 quid
364 2553 419 2595 de
451 2552 575 2594 laude
610 2554 840 2609 cuiuspiam
872 2552 1204 2610 praedicandum
1244 2570 1332 2595 esse
1366 2556 1598 2604 statuimus,
1650 2557 1694 2595 in
1734 2556 1800 2602 iis,
1851 2569 1956 2611 quae
2001 2552 2210 2593 laudanda

227 2644 458 2677 censemus,
492 2628 777 2677 subsistimus,
812 2627 941 2687 idque
977 2624 1126 2671 callide
1159 2630 1330 2673 facimus
1364 2642 1404 2672 et
1437 2642 1533 2689 apte
1568 2630 1619 2673 ad
1653 2629 2006 2690 persuadendum.
2073 2630 2211 2680 Quare
