2411 3275
1053 224 1351 268 ..19-

226 344 456 390 Considera
487 344 615 390 modo
647 345 775 390 verba
804 343 876 389 illa
906 343 1108 398 Achillis,
1159 345 1308 405 quibus
1347 361 1477 405 quum
1511 343 1773 390 conviciandi
1818 359 1938 388 causa
1971 345 2197 403 alloquitur

222 423 601 481 Agamemnonem,
629 421 681 464 ΙΙ.
712 434 757 472 α,
790 423 891 465 225.

471 513 740 577 Οἰνοβαρές,
757 516 898 568 ’κυνὸς
928 507 1104 576 ὄμματ’
1130 513 1266 578 ἔχων,
1298 512 1484 577 κραδίην
1516 512 1557 558 δ’
1587 512 1801 577 ε’λάφοιοῐ

223 629 285 669 ira
318 628 436 685 quasi
467 628 710 669 obcaecatus
742 641 881 684 neque
914 626 1141 683 gravissimi
1177 627 1254 667 viri
1287 637 1327 666 et
1358 623 1571 666 fortissimi
1601 622 1812 664 bellatoris
1845 623 2019 680 gloriam
2053 624 2199 665 iudicii

222 704 450 755 temeritate
483 702 668 753 sustulit,
698 717 839 759 neque
871 702 1005 743 vitam'
1028 702 1115 759 eius
1147 712 1377 743 anteactam
1407 699 1461 741 ad
1492 699 1673 741 veritatis
1705 700 1907 740 rationem
1937 701 2156 741 revocavit.

347 778 463 829 Quae
492 793 586 820 cum
617 777 674 819 ita
703 778 805 828 sint,
843 775 948 817 nihil
980 775 1178 834 impedit,
1221 778 1441 833 quominus
1475 776 1596 816 sicuti
1628 769 1927 832 ε’γχεσίμωρος
1960 787 1998 814 et
2026 775 2194 831 αἰχμη-

220 851 301 902 τής
334 851 427 905 (cfr.
458 850 511 893 Jl.
542 864 589 905 α,
622 852 724 895 290.
752 864 793 908 γ,
830 851 929 904 179.
963 864 1008 904 ε,
1040 851 1141 893 197.
1172 865 1218 903 η,
1256 853 1355 894 281.
1390 851 1492 893 289.
1526 865 1586 902 π,
1618 848 1719 891 431.
1762 850 1843 890 Od.
1877 865 1938 900 π,
1974 850 2094 901 242.)
2140 851 2193 890 de

220 926 319 967 forti
347 941 394 967 ac
426 937 619 976 strenuo,
647 928 704 969 ita
734 924 925 985 ἰόμωρος
958 936 1000 970 et
1029 922 1216 977 τοξότης
1241 943 1320 985 per
1352 942 1396 968 se
1446 926 1500 968 de
1534 927 1680 983 ignavo
1710 938 1832 983 atque
1864 925 2063 968 insidioso
2102 925 2193 966 bel-

219 1001 351 1045 latore
381 1004 650 1059 accipiantur.

1138 1104 1173 1159 g.
1206 1106 1273 1145 11.

340 1203 556 1244 Postremo
586 1199 640 1242 de
668 1198 870 1244 vocabulo
905 1197 1158 1259 σινάμωρος
1177 1196 1217 1256 *)
1247 1211 1292 1241 ut
1323 1198 1572 1257 disputetur,
1604 1199 1715 1241 redit
1747 1199 1853 1241 iilud
1880 1201 1933 1241 ad
1964 1199 2187 1242 σίνεσὲἓαι

217 1279 300 1319 hoc
333 1288 396 1318 est
426 1277 583 1320 damno
615 1263 827 1330 afficere,
847 1262 1042 1324 vastare,
1076 1288 1117 1316 et
1148 1292 1242 1315 eum
1273 1277 1502 1331 significat,
1537 1277 1608 1332 qui
1641 1289 1759 1317 natus
1793 1289 1865 1325 est,
1900 1288 1945 1316 ut
1972 1276 2073 1318 alios
2107 1277 2193 1318 lae-

219 1354 291 1394 dat
322 1365 363 1394 et
394 1344 645 1394 detrimento
679 1353 824 1394 afficiat
851 1349 1026 1409 (Herod.
1061 1354 1114 1402 V,
1142 1353 1214 1396 92.
1247 1349 1329 1406 6.);
1370 1351 1547 1393 eandem
1576 1352 1790 1393 notionem
1831 1351 1957 1392 habet
1991 1365 2192 1407 σιναμω-

218 1430 312 1486 ρεῒν
344 1426 518 1481 (Herod.
554 1427 585 1477 I,
622 1427 719 1470 152.
752 1428 866 1478 VIII,
899 1426 1002 1481 35.),
1066 1426 1143 1468 Illa
1177 1427 1382 1486 cupiditas
1414 1427 1599 1469 nocendi
1643 1439 1765 1485 atque
1807 1429 1990 1485 pruritus
2034 1428 2106 1469 ille
2147 1431 2193 1469 iu

217 1504 346 1545 rebus
379 1502 739 1561 qualibuscunque
769 1507 838 1544 aut
858 1498 970 1544 'male
1007 1502 1248 1553 tractandis,
1288 1514 1357 1545 aut
1391 1504 1641 1561 appetendis
1684 1505 1844 1560 positus
1881 1506 1924 1543 in
1968 1505 2191 1546 infantibus

220 1593 262 1623 et
290 1579 477 1638 puerulis
526 1580 801 1636 conspicitur,
852 1580 924 1636 qui
955 1594 1099 1620 manus
1139 1580 1205 1620 vix
1249 1591 1424 1637 possunt
1462 1594 1674 1631 coercere,
1721 1580 1825 1621 nihil
1871 1580 1958 1622 fere
1991 1583 2191 1625 intactum

219 1656 484 1715 relinquunt,
516 1656 668 1713 partim
696 1667 741 1697 ut
772 1667 927 1697 temere
960 1654 1128 1696 laedant
1163 1666 1205 1696 et
1251 1653 1437 1706 deleant,
1478 1657 1630 1714 partim
1661 1667 1723 1706 ut,
1773 1658 1806 1697 si
1840 1657 2048 1700 esculenta
2083 1672 2190 1710 sunt,

217 1733 392 1775 bellaria
420 1735 611 1789 inquam,
644 1731 867 1772 libidinem
899 1747 1014 1772 suam
1046 1731 1249 1788 expleant.
1309 1721 1457 1788 'Itaque
1492 1745 1664 1789 cognata
1698 1746 1758 1774 cst
1785 1734 1913 1775 altera
1946 1738 2189 1793 significatio

216 1808 406 1849 v'libidinis
441 1807 675 1859 cuiusdam,
711 1824 835 1865 quam
867 1795 1182 1849 Atheniensium
1208 1819 1352 1849 natura
1385 1809 1615 1858 constituit,
1648 1824 1743 1850 usus
1777 1812 1930 1861 sanxit3
1968 1828 2064 1853 nam
2095 1830 2189 1856 cuni

219 1884 468 1926 libidinosae
500 1884 606 1925 vitae
638 1882 773 1924 dediti
806 1895 945 1924 esseut
975 1884 1028 1923 ad
1058 1899 1232 1942 eamque
1266 1886 1402 1926 omnia
1432 1885 1552 1925 facile
1591 1885 1818 1935 referrent,
1863 1903 1955 1927 eum
1990 1889 2190 1944 σινάμω-

220 1975 298 2021 ρον
332 1962 638 2011 existimarunt,
680 1963 793 2002 cuius
837 1962 995 2001 animus
1037 1961 1274 2019 liguritione
1311 1961 1491 2019 quadam
1523 1961 1790 2003 vehementer
1831 1954 2014 2006 irretitus
2049 1984 2190 2009 move-

220 2052 309 2089 tur,
344 2040 563 2097 quominus
592 2053 616 2078 a
645 2038 796 2088 rebus,
830 2054 931 2095 quas
964 2037 1148 2088 affectat,
1175 2039 1241 2079 vix
1273 2038 1498 2089 abstineat,
1547 2037 1622 2078 sed
1655 2050 1699 2078 ut
1727 2042 1879 2096 partim
1913 2042 2186 2101 voluptatibus

222 2114 374 2173 cupide
407 2114 640 2172 indulgeat,
672 2114 822 2170 partim
856 2114 988 2155 amori
1017 2113 1242 2155 libidinoso
1276 2116 1438 2156 serviat.
1505 2117 1696 2157 Priorem
1729 2118 1811 2157 vim
1837 2120 2029 2175 exprimit
2061 2134 2190 2161 σινα-

219 2190 445 2250 μόρευμα,
495 2204 579 2247 quo
622 2189 825 2231 vocabulo
855 2191 1126 2232 Pherecrates
1169 2191 1282 2249 apud
1313 2194 1448 2250 Etym.
1484 2193 1584 2242 713,
1615 2194 1685 2235 30.
1738 2209 1833 2234 usus
1868 2207 1946 2242 est,
2006 2206 2050 2236 ut
2082 2197 2189 2239 furta

221 2267 461 2324 designaret
490 2265 727 2323 liguritione
761 2267 991 2310 commissa.
1054 2267 1173 2310 Hanc
1211 2269 1558 2326 significationem
1599 2284 1769 2325 prorsus
1812 2270 1992 2325 neglexit
2032 2274 2190 2314 Phere-

223 2344 343 2385 cratis
392 2341 529 2384 editor
573 2358 614 2399 p.
648 2345 717 2386 77.
774 2359 902 2401 quum
949 2345 1005 2386 ita
1055 2345 1221 2396 scribit,
1275 2343 1774 2403 σιναμορεύματα·
1828 2343 1888 2385 τὰ
1931 2342 2188 2403 κλέμματα.

290 2497 319 2538 “’)
346 2495 401 2528 Sic
426 2495 626 2528 recentiores
650 2494 814 2528 Herodoti
839 2495 985 2528 editores
1010 2501 1097 2528 recte
1121 2497 1349 2531 exhibuerunt
1364 2522 1373 2536 ‚
1401 2499 1612 2535 Gau-soram,
1648 2498 1830 2536 Matthiae,
1869 2499 2051 2541 Baehrius;
2091 2511 2189 2536 antea

356 2554 440 2592 alii,
476 2555 741 2597 Wesselingius,
777 2555 928 2594 Reizius,
965 2566 985 2587 o
1020 2555 1123 2587 breve
1159 2557 1386 2599 scripserant,
1434 2557 1653 2589 inconstantia
1691 2557 1792 2589 ducti.
1855 2558 1922 2589 Csr.
1961 2561 2104 2595 Lobeck.
2150 2566 2191 2596 ad

350 2612 524 2654 Phrynich.
548 2624 580 2657 p.
606 2614 682 2656 690.
