2411 3275
1109 245 1385 289 -8-

246 381 328 410 tate
363 380 405 410 et
435 368 686 417 constantia,
717 378 763 408 ut
792 359 906 408 omni
941 364 1081 407 divina
1110 368 1323 409 maiestate
1341 366 1455 409 haud
1486 382 1581 411 raro
1609 368 1765 427 privari
1799 367 2025 412 videantur.
2090 370 2240 412 Itidem

243 461 333 486 non
367 461 414 485 ea
447 456 509 485 est
542 442 727 486 conditio
757 443 988 492 hominum,
1019 452 1065 482 ut
1096 441 1167 482 fati
1198 444 1282 484 vim
1308 455 1460 501 negare
1493 457 1622 500 queas
1656 442 1878 504 omniaque
1909 444 2045 496 forte,
2077 456 2234 489 temere

245 531 287 561 et
320 528 418 562 casu
451 519 542 561 fleri
572 517 696 561 facile
731 517 980 570 contendas;
1023 515 1100 559 sed
1131 533 1246 561 nunc
1284 518 1395 576 leges
1427 518 1646 575 ‘quaedam
1675 521 1950 561 observantur
1981 532 2022 561 et
2051 522 2237 562 necessi-

244 606 329 641 tas,
369 608 451 648 qua
492 607 544 632 ex
583 591 762 633 deorum
803 591 977 633 consilio
1016 605 1083 632 res
1118 592 1338 643 eveniunt,
1384 603 1430 634 ut
1473 591 1528 635 de
1560 593 1715 635 Troiae
1761 592 1925 637 excidio
1966 591 2241 638 iudicandum

246 679 327 718 est,
378 668 565 725 itemque
606 667 779 725 Ulysses
823 684 846 709 a
878 667 1075 724 Neptuno
1118 668 1223 709 irato
1267 685 1346 725 per
1396 671 1527 710 varias
1573 681 1703 710 terras
1749 653 1946 718 iactatur,
1990 685 2013 709 a
2051 670 2241 711 Minerva

245 754 383 782 autem
414 754 602 787 servatur
635 743 830 800 factoque
864 741 1043 784 deorum
1074 742 1247 786 decreto
1282 759 1305 786 a
1337 744 1433 790 Iove
1466 760 1517 788 ex
1548 742 1684 794 insula
1717 743 1966 804 Calypsonis
1992 759 2235 798 revocatur3

243 834 358 861 nunc
393 819 563 876 singulis
596 821 836 861 hominibus
869 821 1100 861 liberaliter
1130 822 1413 877 permittitur,
1456 837 1580 880 quam
1621 837 1736 863 suam
1780 822 1861 864 sibi
1894 821 2102 865 fortunam
2137 838 2239 865 con-

246 894 350 936 dere
382 894 531 947 velint,
580 895 695 937 cuius
729 896 791 937 rei
823 897 946 954 proci
989 913 1036 939 ac
1082 898 1191 938 servi
1229 898 1466 955 Penelopae
1511 898 1810 940 documentum
1848 900 2009 955 insigne
2049 899 2235 957 relique-

247 983 368 1022 runt3
416 987 529 1013 nunc
561 972 779 1013 hominum
824 971 991 1014 fortuna
1021 971 1088 1015 vel
1121 988 1143 1014 a
1176 970 1255 1014 diis
1289 980 1434 1031 utpote
1463 989 1617 1032 anceps
1651 986 1691 1016 et
1723 972 1853 1016 dubia
1882 976 2161 1032 proponitur,
2196 987 2241 1015 ut

250 1048 436 1105 eligendi
466 1050 637 1091 facultas
670 1048 946 1090 concedatur:
975 1065 1072 1089 nam
1103 1047 1311 1098 Achilles,
1345 1060 1390 1090 ut
1421 1051 1504 1092 hoc
1537 1064 1667 1091 unum
1697 1047 1885 1101 afferam,
1919 1066 2049 1108 quum
2081 1049 2240 1107 duplex

250 1125 358 1166 vitae
391 1125 521 1169 satum
553 1141 597 1167 se
627 1126 810 1182 experiri
842 1140 966 1181 posse
999 1126 1137 1174 sciret,
1171 1136 1216 1165 ut
1247 1136 1317 1165 aut
1343 1125 1566 1181 longaevus
1600 1127 1688 1165 sine
1717 1125 1847 1182 gloria
1874 1127 1917 1166 in
1950 1126 2083 1183 patria
2103 1139 2242 1166 more-

249 1211 393 1250 retur,
452 1211 522 1241 aut
560 1201 721 1242 iuvenis
778 1216 874 1241 cum
916 1202 1169 1258 sempiterna
1211 1200 1335 1242 laude
1379 1200 1434 1242 ad
1485 1203 1658 1243 Troiam
1700 1203 1863 1251 obiret,
1928 1202 2103 1258 gloriam
2140 1217 2241 1258 prae

249 1276 446 1317 diuturna
479 1277 560 1317 vita
588 1275 738 1333 elegit3
792 1290 906 1316 nunc
935 1275 1120 1334 denique
1162 1277 1196 1317 si
1241 1278 1333 1334 quis
1366 1278 1410 1318 in
1441 1276 1590 1318 malam
1629 1292 1718 1317 rem
1750 1277 1866 1317 abire
1894 1290 2094 1326 conatur,
2138 1294 2239 1333 pro-

247 1369 404 1409 pensus
442 1351 620 1394 deorum
662 1353 822 1393 animus
865 1367 1169 1409 nonnunquam
1208 1354 1490 1408 conspicitur,
1545 1353 1619 1409 qui
1651 1352 1874 1409 quominus
1924 1350 2015 1393 dira
2046 1354 2240 1409 patiatur,

246 1427 457 1485 impedire
502 1427 693 1480 studeat,
747 1428 977 1471 dummodo
1026 1428 1097 1470 ille
1138 1427 1373 1471 admonitus
1414 1427 1650 1485 prudenter
1693 1428 1774 1469 sibi
1825 1443 1972 1470 cavere
2021 1427 2142 1478 velit,
2197 1440 2242 1469 ut

249 1504 473 1562 Aegisthus
506 1504 679 1563 probat,
724 1506 797 1563 qui
832 1522 927 1548 cum
967 1507 1010 1545 in
1054 1521 1103 1547 eo
1138 1517 1265 1555 esset,
1309 1516 1354 1546 ut
1391 1521 1486 1546 cum
1533 1504 1881 1561 Clytaemnestra,
1917 1506 2240 1561 Agamemnonis

250 1596 404 1631 uxore,
437 1580 689 1620 adulterium
717 1583 1007 1631 committeret,
1041 1597 1062 1620 a
1095 1582 1329 1631 Mercurio,
1362 1581 1469 1622 Iovis
1500 1580 1712 1630 ministro,
1744 1595 1798 1622 ne
1830 1579 1875 1621 id
1907 1580 2073 1630 faceret,
2108 1581 2239 1622 bene-

253 1655 346 1699 vole
397 1654 658 1707 admonitus,
705 1658 910 1714 pessimae
963 1669 1099 1697 tamen
1135 1656 1301 1697 libidini
1340 1656 1514 1697 indulsit
1544 1655 1799 1712 nefandique
1829 1655 2000 1697 sceleris
2033 1656 2109 1697 luit
2139 1671 2243 1712 poe-

252 1748 338 1774 nas.
404 1735 520 1784 Quae
554 1747 650 1773 cum
682 1733 738 1772 ita
771 1734 877 1784 sint,
912 1749 960 1773 ex
989 1732 1127 1773 multis
1157 1733 1332 1783 Homeri
1364 1731 1467 1773 locis
1500 1741 1641 1789 patet,
1685 1731 1874 1772 homines
1894 1763 1905 1781 ,
1951 1732 2103 1788 quibus
2136 1730 2242 1772 nihil

251 1808 351 1848 mali
385 1823 569 1865 unquam
599 1807 659 1848 dii
688 1809 1008 1857 constituissent,
1042 1809 1123 1848 suis
1159 1808 1238 1847 sibi
1270 1808 1498 1848 sceleribus
1531 1819 1655 1861 atquc
1689 1807 1855 1860 ineptiis
1888 1805 1952 1846 vel
1985 1807 2242 1863 turpissimas

253 1883 504 1925 calamitates
536 1884 803 1925 contraxisse.
868 1882 945 1925 Illa
976 1884 1103 1941 igitur
1134 1880 1248 1939 ὑπὲρ
1281 1879 1423 1941 μόρον
1457 1882 1620 1922 evenire
1648 1882 1852 1922 Homerus
1886 1882 2106 1924 existimat.

378 1974 589 2027 Quoniam
626 1988 725 2016 vero
767 1989 817 2015 ex
859 1984 1064 2032 perpetua
1102 1973 1319 2015 hominum
1359 1964 1557 2030 opinione
1579 1996 1581 1998 -
1607 1970 1666 2012 dii
1699 1971 1836 2013 omnia
1883 1970 1989 2011 mala
2045 1970 2241 2026 dirasque

257 2050 508 2091 calamitates
550 2052 698 2106 generi
737 2052 916 2090 humano
960 2050 1154 2089 tribuisse
1199 2048 1448 2099 creduntur,
1496 2048 1609 2089 cuius
1657 2047 1719 2087 rei
1761 2046 2016 2088 mentionem
2047 2044 2237 2103 Iuppiter

255 2123 356 2167 facit
387 2125 431 2166 in
465 2123 641 2168 deorum
673 2126 875 2169 concione
905 2121 1006 2183 (Od.
1041 2139 1094 2175 α,
1125 2121 1217 2182 32.)
1249 2126 1312 2167 his
1345 2126 1504 2173 verbis,

633 2226 665 2273 οἶ
695 2229 860 2283 πόποι,
890 2225 988 2273 οἷον
1018 2227 1072 2280 δή
1105 2247 1160 2274 νυ
1192 2230 1326 2280 θεοὺς
1353 2230 1512 2290 βροτοὶ
1538 2230 1835 2272 ἀἰτιόωνταιῐ

633 2303 677 2358 ἐξ
710 2306 853 2362 ἡμέων
884 2306 969 2368 γάρ
1003 2315 1129 2364 φασι
1161 2306 1257 2350 κάκ’
1290 2303 1505 2365 ἔμμεναι,

262 2428 347 2456 non
374 2416 526 2455 mirum
561 2426 642 2465 est,
675 2416 845 2471 μοῖραν
876 2413 990 2456 illam
1017 2415 1188 2457 relatam
1222 2430 1309 2457 esse
1345 2415 1397 2456 ad
1430 2427 1625 2464 mortem,
1669 2429 1793 2471 quam
1825 2412 2018 2455 omnibus
2054 2424 2237 2451 commu-

258 2507 362 2534 nem
395 2492 667 2534 calamitatem
698 2488 918 2548 (ὁμοίϊον,
951 2491 1001 2532 Jl.
1035 2487 1072 2545 δ,
1110 2491 1230 2542 315.)
1260 2492 1318 2531 dii
1354 2492 1657 2533 constituerunt
1686 2486 1785 2545 (Od.
1818 2502 1855 2544 γ,
1889 2485 1991 2530 246.
2023 2483 2066 2538 λ,
2101 2484 2235 2538 559).

257 2567 406 2626 Itaque
439 2567 747 2625 coniunguntur
779 2563 988 2615 θάνατος
1021 2579 1060 2607 et
1091 2569 1234 2622 μοῖρα
1266 2565 1337 2622 (Jl.
1369 2582 1415 2617 π,
1452 2569 1556 2610 853.
1589 2581 1650 2623 χ,
1682 2561 1817 2618 436.),
1858 2564 1921 2605 vel
1955 2560 2161 2609 θάνατος
2195 2572 2235 2600 et

260 2642 400 2701 μόρος
431 2643 533 2700 (Od.
567 2656 617 2695 π,
646 2642 747 2686 421.
781 2642 831 2684 Jl.
868 2656 913 2694 ω,
945 2641 1049 2696 85.).
