2411 3275
1072 261 1141 271 ν-
1207 246 1385 286 20-

237 362 388 419 Neque
426 364 540 404 enim
571 375 666 406 sunt
713 357 965 419 κλέμματα
1006 365 1263 422 generaliter
1295 364 1590 419 intelligenda,
1646 365 1723 406 sed
1750 364 1804 405 ad
1834 364 2034 406 libidines
2082 365 2225 414 relata,

240 451 285 480 ut
318 451 466 497 aperte
517 439 671 481 docent
711 441 950 498 Etymologi
992 442 1144 492 verba,
1170 428 1238 483 ὀἱ
1269 442 1351 497 μὲν
1394 438 1597 482 Ἀττικοὶ
1635 439 1820 497 λέγουσι
1860 442 2128 499 σιναμορεῖν
2166 426 2226 484 τὸ

241 513 490 573 λιχνεύειν·
530 512 610 555 καὶ
642 514 919 575 Φερεκράτης
958 514 1021 560 τὰ
1059 511 1266 559 τοιαῦτα
1296 511 1548 573 κλέμματα
1583 516 2048 574 σιναμορεύματα
2084 515 2227 559 καλεῖ.

239 592 423 634 Alterius
457 592 679 651 singularis
707 595 1043 652 significationis,
1078 610 1186 651 quae
1220 596 1266 637 in
1298 602 1438 637 amore
1474 591 1700 635 libidinoso
1735 594 1934 651 ponitur,
1975 594 2089 637 locos
2123 609 2228 651 poe-

241 681 304 710 tae
341 669 490 710 comici
523 673 756 729 praebent,
791 667 835 714 ut
866 671 1167 729 Aristophanes
1196 672 1305 714 Nub.
1339 669 1467 714 1066.

700 761 806 819 γυνὴ
836 757 885 806 δὲ
919 760 1291 823 σιναμωρουμένη
1326 759 1492 822 χαίρει.

239 852 308 893 Ad
337 871 463 911 quem
499 870 663 897 versum
697 871 804 912 quae
834 854 1053 897 scholiasta
1084 867 1253 904 monet,
1298 856 1448 911 partim
1481 853 1580 899 falsa
1612 865 1706 896 sunt
1725 885 1736 904 ,
1788 855 1941 911 partim
1975 871 2024 897 ex
2044 854 2231 911 Etymo-

239 927 336 984 logo
369 932 480 978 7123,
515 933 588 973 28.
623 931 889 973 emendanda
922 943 964 973 et
994 930 1333 988 redintegranda.
1398 931 1467 972 Ad
1503 930 1682 972 eandem
1714 930 2066 987 significationem
2098 930 2229 972 σινά-

239 1019 381 1061 μωρος
420 1007 695 1049 referendum
738 1021 798 1049 est
847 1008 960 1065 apud
1002 1009 1339 1055 Anacreontem‚
1392 1004 1459 1062 de}
1488 1007 1602 1047 cuius
1645 1021 1765 1048 versu
1810 1006 1907 1048 vide
1954 1007 2232 1049 Theodorum

238 1082 401 1139 Bergk,
435 1085 687 1126 Anacreont.
725 1100 849 1125 carm.
879 1084 1004 1140 reliq.
1039 1101 1078 1141 p.
1119 1086 1217 1129 163.
1281 1084 1412 1142 Apud
1444 1083 1615 1125 Suidam
1649 1081 1902 1140 σινάμωρος
1942 1083 2094 1124 dicitur
2126 1096 2233 1141 πορ·

239 1157 386 1209 νικός,
423 1172 464 1201 et
495 1161 610 1217 apud
643 1161 827 1201 eundem
860 1160 884 1202 ὁ
913 1159 1224 1217 κακόσχολος,
1264 1161 1345 1202 hoc
1379 1171 1440 1201 est
1472 1162 1560 1199 otio
1593 1158 1652 1198 acl
1667 1160 1854 1215 flagitia
1887 1158 2078 1199 abutens.
2143 1159 2227 1200 Cfr.

240 1235 423 1290 Hesych.
456 1250 485 1276 s.
521 1250 555 1275 v.
593 1234 841 1290 σινάμορος
875 1235 1020 1293 ibique
1057 1236 1336 1294 interpretum
1370 1236 1694 1277 observationes,

1425 1383 1457 1400 z
