2411 3275
1030 256 1128 301 .--
1205 271 1234 315 9
1310 293 1366 302 -

1156 395 1192 450 s.
1227 396 1265 438 5.

353 468 476 522 Quod
505 469 569 511 de
590 469 858 513 substantivis
890 467 1102 513 vocabulis
1143 465 1280 528 μόρος
1320 481 1363 512 et
1390 470 1531 529 μοῖρα
1564 469 1722 511 dictum
1753 482 1837 521 est,
1884 469 2000 511 idem
2040 471 2093 510 de
2128 472 2201 511 de-

228 546 364 587 rivatis
397 547 565 586 vocibus
598 557 639 585 et
670 547 906 601 compositis
938 545 1058 585 valet.
1121 546 1186 585 De
1220 547 1370 602 quibus
1401 547 1531 585 rebus
1562 558 1608 586 ut
1648 548 1711 585 via
1750 559 1790 585 et
1828 549 1989 586 ratione
2048 559 2200 600 agatur,

230 619 483 678 t1·iplex.illa
516 621 758 679 significatio
795 618 1109 680 comprobanda
1142 630 1214 661 est.

357 701 393 737 1.
461 697 770 753 Qualiscunque
800 699 863 738 rei
892 698 1145 754 participem
1178 696 1360 752 aliquem
1390 710 1481 735 esse
1514 695 1777 751 significatur.

353 771 392 824 a)
425 766 648 830 ἄμμορος,
689 789 779 816 ηοη
806 777 1045 831 particeps;
1078 789 1161 831 quo
1194 784 1317 815 sensu
1351 770 1404 813 de
1431 771 1558 813 Arcto
1593 769 1745 813 dicitur
1763 802 1775 821 ,
1804 768 1854 812 Jl.
1890 783 1936 822 σ,
1964 770 2062 815 489.

603 848 674 897 οῖη
707 842 750 889 δ’
782 840 989 909 ἄμμορός
1020 848 1125 890 ἐστι
1157 846 1349 908 λοετρῶν
1383 844 1632 890 Ὠκεανοῖο.

351 923 398 973 b)
431 914 633 979 ἔμμορος,
651 928 880 982 particeps,
913 938 958 966 ut
974 926 1056 968 Od.
1076 924 1236 975 95:180.
1269 919 1419 964 ἀοιδοὶ
1443 926 1573 977 τιμῆς
1602 919 1791 980 ἔμμοροί
1818 924 1910 963 εἱσι
1932 922 2008 963 καὶ
2028 919 2196 969 αἰδοῦς.

354 997 394 1050 c)
427 997 647 1058 ἰσόμορον
678 1003 895 1058 Neptunus
927 1018 972 1043 se
1005 1014 1124 1043 vocat
1155 1002 1223 1055 (Jl.
1254 1015 1293 1051 o,
1327 994 1475 1055 209),
1513 1000 1628 1057 quod
1666 1015 1759 1042 cum
1801 999 1979 1042 mundus
2014 1003 2123 1042 inter
2156 1019 2197 1041 se

227 1073 460 1132 fratresque
496 1074 773 1126 divideretur,
806 1093 877 1117 sua
906 1078 987 1118 sibi
1018 1094 1113 1134 pars
1147 1092 1277 1134 aequa
1309 1076 1460 1116 tributa
1486 1076 1549 1117 sit.

353 1152 393 1192 2.
456 1151 642 1209 Deorum
671 1151 842 1192 consilio
876 1153 1035 1210 aliquid
1066 1154 1264 1194 tributum
1298 1167 1387 1193 es÷e
1421 1152 1640 1191 indicatur.

350 1222 389 1273 a)
422 1220 664 1280 αἱνόμορος
695 1227 728 1266 is
758 1226 921 1277 dicitur,
956 1229 1022 1268 cui
1052 1230 1200 1269 misera
1229 1245 1316 1269 sors
1350 1246 1372 1268 a
1406 1229 1484 1268 diis
1514 1215 1748 1268 constituta·
1767 1239 1827 1267 est
1854 1229 1876 1265 i.
1903 1243 1937 1267 e.
1972 1229 2081 1282 gravi
2116 1227 2197 1266 sato

229 1314 418 1355 pressus,
451 1310 497 1339 ut
528 1299 609 1341 Od.
639 1315 682 1354 ι,
717 1303 790 1346 53.

733 1373 842 1416 τότε
877 1371 931 1425 δή
963 1374 1025 1435 ῥα
1055 1375 1166 1424 κακὴ
1198 1373 1308 1424 Διὸς
1340 1370 1460 1416 αἶσα
1488 1374 1695 1432 παρέστη

487 1451 593 1506 ἡμῖν
626 1450 966 1510 αἰνομόροισιν,
999 1448 1058 1495 ἵν’
1090 1443 1231 1510 ἄλγεα
1262 1450 1416 1494 πολλὰ
1449 1452 1695 1506 πάὲοιμεν.

351 1525 656 1586 1))κάμμορος
708 1526 991 1585 (κακόμορος)
1037 1546 1130 1571 eum
1163 1530 1382 1586 significat,
1436 1530 1508 1586 qui
1538 1528 1697 1569 infelici
1739 1528 1819 1569 sato
1858 1529 2072 1584 premitur.
2141 1529 2199 1568 Ita

231 1600 341 1659 apud
372 1602 529 1645 inferos
562 1603 758 1662 Ulyssem
787 1617 922 1647 mater
950 1604 1193 1663 alloquitur,
1225 1605 1307 1646 Od.
1339 1604 1381 1656 λ,
1416 1603 1517 1648 216.

474 1674 505 1719 ὦ
534 1694 632 1734 μοι,
666 1679 823 1722 τέκνον
857 1679 994 1736 ἐμόν,
1027 1679 1127 1740 περὶ
1158 1680 1337 1726 πάντων
1369 1681 1571 1738 κάμμορε
1601 1682 1772 1735 φωτῶν.

351 1754 390 1807 c)
424 1752 618 1812 μόριμον
653 1769 715 1799 cst
744 1757 827 1800 sato
872 1746 1141 1809 destinatum,
1184 1774 1205 1798 a
1244 1757 1322 1799 diis
1364 1758 1524 1809 datum3
1577 1773 1657 1814 qua
1700 1756 1996 1813 significatione
2043 1755 2196 1812 legitur

227 1829 277 1869 Jl.
311 1844 351 1880 v,
385 1831 486 1875 302.
519 1829 716 1891 μόριμον
748 1828 800 1874 δέ
829 1831 873 1873 οἵ
905 1833 1006 1874 ἐστ’
1038 1831 1288 1875 ἀλέασθαι.

350 1905 396 1957 d)
431 1904 653 1963 μόρσιμος
687 1908 877 1963 „eandem
922 1910 1004 1950 vim
1039 1910 1187 1958 habet,
1231 1923 1275 1951 ut
1325 1924 1452 1966 quum
1484 1908 1538 1948 de
1571 1911 1717 1948 marito
1749 1891 1922 1955 dieitur,
1972 1922 2097 1962 quem
2138 1905 2197 1945 dii

236 1981 358 2033 alicui
386 1984 428 2024 in
461 1985 766 2026 matrimonium
799 1986 1119 2035 constituerunt,
1153 1984 1234 2026 Od.
1267 1998 1314 2033 π,
1346 1983 1448 2026 392.

1421 2057 1446 2105 ἡ
1479 2051 1528 2097 δέ
1559 2055 1601 2097 κ’
1631 2045 1788 2097 ἔπειτα

473 2134 675 2190 γήμαιθ’,
702 2131 749 2182 ὅς
781 2149 827 2176 κε
859 2135 1062 2177 πλεῖστα
1090 2132 1250 2192 πόροι,
1277 2130 1355 2175 καὶ
1388 2130 1611 2191 μόρσιμος
1643 2128 1785 2174 ἐ’λὲοι.

229 2210 314 2252 Csr.
343 2211 395 2251 Jl.
428 2225 472 2263 τ,
502 2210 603 2254 417.

351 2286 391 2340 e)
425 2283 665 2348 δύσμορος,
696 2291 874 2330 miseriis
903 2288 1100 2344 afflictus,
1129 2286 1280 2328 dicitur
1312 2299 1436 2341 saepe
1470 2282 1640 2340 Ulysses
1673 2279 1773 2336 (Od.
1809 2284 1850 2333 α,
1882 2280 1948 2322 49.
1995 2293 2052 2330 π,
2095 2279 2191 2319 139.

228 2377 274 2413 ω,
302 2363 445 2415 31.Ῑ.),
498 2363 565 2405 'cui
592 2380 662 2405 res
690 2365 883 2407 adversas
915 2364 1214 2422 prae'ccteris
1246 2361 1305 2400 dii
1344 2360 1619 2401 destinarunt.

352 2441 393 2493 f)
427 2442 542 2483 Hanc
575 2443 691 2498 quasi
706 2441 894 2499 reg-ulam
923 2453 1086 2483 secutus
1110 2441 1365 2495 interpretor
1396 2445 1541 2478 vocem
1563 2429 1762 2492 ἄμμορος
1784 2433 1868 2472 Sive
1888 2426 2066 2488 ἅμθρῠς,
2086 2447 2193 2487 quae

230 2500 388 2557 constat
420 2532 470 2557 ex
502 2530 533 2558 a
554 2527 594 2558 et
612 2513 764 2573 μόρος.
819 2517 877 2558 At
906 2530 951 2567 α,
974 2515 1090 2574 quod
1111 2515 1356 2574 privativum
1383 2512 1505 2569 vulgo
1535 2521 1699 2558 vocant,
1731 2522 1874 2548 vocem
1906 2507 2076 2546 notione
2109 2520 2192 2545 non

227 2592 362 2647 privat
393 2591 538 2640 solum,
570 2591 646 2632 sed
677 2591 887 2641 interdum
915 2593 1150 2641 notionem,
1179 2605 1283 2647 quac
1316 2604 1418 2630 voce
1456 2588 1699 2633 continetur,
1726 2585 1872 2623 minuit
1894 2598 2068 2639 eamque
2090 2597 2192 2637 per-

214 2682 370 2724 -peram
397 2683 440 2709 se
471 2667 627 2711 habere
661 2665 830 2712 indicat.
896 2668 1014 2719 Nam,
1041 2678 1087 2709 ut
1115 2666 1315 2725 exemplis
1349 2678 1521 2715 utamur,
1552 2657 1747 2720 ἀβουλία
1780 2658 1891 2702 idem
1925 2658 2045 2710 valet,
2078 2657 2195 2717 quod

1917 2736 1941 2760 ἢ
