2411 3275
1045 200 1321 241 ...4-

306 315 452 358 Aliter.
488 317 666 360 wolfius
699 318 879 373 (observ.
913 320 966 362 ad
998 321 1047 362 Jl.
1082 314 1125 371 δ,
1159 319 1261 365 242.
1297 320 1363 362 ed.
1395 319 1550 372 Uster.)
1591 320 1760 362 alteram
1789 320 1978 362 vocabuli
1999 331 2168 377 partem

187 397 392 437 Mffl’oz·
431 395 649 436 obscuram
682 411 772 437 esse
813 398 1034 449 existimat3
1063 410 1152 458 tum
1183 397 1411 455 propositis
1443 395 1658 438 nonnullis
1695 398 1973 454 interpretum
2005 397 2169 453 opinio-

185 470 314 511 nibus
339 471 579 527 Koeppenii
611 475 855 514 sententiam
883 475 1052 530 probat3
1085 474 1271 534 denique
1304 477 1395 532 ipse
1430 489 1570 514 errare
1599 473 1788 525 videtur,
1837 489 1967 531 quum
2005 488 2172 516 sensum

189 546 274 590 loci
306 548 517 590 constituit
547 548 612 590 his
641 551 800 599 verbis,
839 566 911 592 am
942 551 1109 593 besten:
1142 556 1215 595 ein
1235 554 1391 602 Manu,
1423 550 1503 592 der
1529 551 1618 592 sich
1651 551 1787 592 durch
1817 554 1937 592 seiae
1968 552 2169 608 Feigheit

175 623 277 671 >den
307 624 484 678 Pseilen
518 623 759 681 blossgiebt.

311 700 458 741 Aliter.
493 701 542 740 In
580 701 730 741 malam
775 713 938 759 partem
982 703 1196 759 accipiunt
1245 719 1409 753 vocem,
1457 705 1530 762 qui
1572 702 1760 744 derivant
1800 701 1852 742 ab
1886 700 1937 743 ὶά
1964 703 1990 742 i.
2026 718 2059 743 e.
2092 699 2174 760 βοή

193 777 279 818 sive
315 775 391 825 ἰωή
427 789 466 818 et
493 774 669 834 μωρός,
723 794 807 835 quo
852 779 886 820 is
920 767 1200 836 significetur,
1246 781 1319 837 qui
1366 781 1510 821 insane
1542 781 1582 827 h.
1617 796 1651 820 e.
1700 780 1970 827 vehementer
2015 778 2174 821 clamet.

196 853 283 893 Cfr.
317 855 499 894 Passovii
531 854 612 894 lex.
646 870 705 911 gr.
741 870 770 894 s.
804 871 839 895 v.

316 929 463 971 Aliter.
494 929 682 983 Fuerunt
734 931 807 989 qui
840 945 983 973 vocem
1029 947 1078 973 ex
1110 928 1162 973 ὶά
1206 942 1246 973 et
1278 927 1414 989 μόρος
1460 941 1648 973 constare
1675 930 1975 974 arbitrarentur
2022 925 2179 988 eosque

196 1005 375 1048 indicari
406 1008 730 1056 contenderent,
766 1010 837 1065 qui
871 1008 1088 1050 clamando
1112 1009 1247 1049 solum
1280 1020 1417 1049 essent
1444 1011 1646 1065 occupati.
1681 1008 1767 1049 Cfr.
1800 1010 1962 1051 Passov.
1990 1008 2067 1050 lex.
2091 1022 2121 1047 s.
2144 1022 2178 1046 v.

319 1081 465 1125 Aliter.
500 1083 582 1135 Qui
615 1082 803 1125 derivant
834 1085 885 1124 ab
920 1082 972 1125 ὶά
1004 1096 1044 1125 et
1076 1079 1233 1139 μῶλος,
1266 1084 1498 1141 significant
1529 1085 1733 1134 homines,
1768 1100 1947 1141 quorum
1978 1082 2178 1124 fortitudo

200 1160 246 1200 in
275 1175 378 1201 vana
408 1159 762 1216 magniloquentia
793 1161 929 1217 posita
959 1173 1031 1202 est.
1074 1161 1160 1202 Cfr.
1193 1164 1354 1204 Passov.
1386 1161 1465 1203 lex.
1500 1178 1530 1203 s.
1563 1179 1598 1203 v.

322 1237 362 1280 2.
426 1237 491 1275 De
525 1250 625 1276 voce
659 1232 965 1294 ἐγχεσίμωρος
996 1236 1101 1277 nihil
1133 1249 1306 1278 monent
1351 1237 1508 1279 scholia
1540 1249 1581 1278 et
1599 1236 1857 1287 Emathias,
1889 1248 2184 1294 praeterquam

198 1309 318 1398 quod
345 1309 414 1352 hic
443 1309 497 1351 ad
529 1310 581 1354 Jl.
613 1328 656 1368 Ρ.
686 1313 778 1354 3⁰
778 1312 895 1362 3,9.
931 1312 1055 1362 dicit,
1104 1310 1421 1371 ἐγχεσίμωροι,
1464 1310 1564 1370 περὶ
1596 1311 1660 1353 τὰ
1693 1307 1830 1370 ε’γχεα
1870 1311 2183 1371 μεμορημένοι,

199 1383 226 1430 ὅ
257 1388 362 1429 ἑστι
394 1386 789 1440 κακοπαθοῦντες,
836 1386 1115 1436 ἐκταθέντος
1152 1390 1238 1432 τοῦ
1280 1403 1305 1430 o
1336 1388 1399 1437 εἱς
1435 1402 1493 1441 ω,
1544 1387 1598 1437 ὦς
1629 1385 1706 1429 καὶ
1750 1386 1826 1430 ἐπὶ
1871 1390 1957 1431 τοῦ
1999 1385 2187 1447 ἰόμωροι

200 1463 388 1520 γίνεται.
441 1466 601 1516 Quibus
634 1465 895 1523 intelligitur,
927 1477 1086 1506 veteres
1119 1465 1233 1506 idem
1261 1464 1479 1512 iudicasse,
1501 1463 1618 1520 quod
1650 1464 1703 1504 de
1733 1478 1834 1505 voce
1864 1461 2052 1518 ἰόμωροι
2083 1463 2186 1502 ube-

206 1541 291 1581 rius
334 1553 627 1599 exposuerunt.
678 1541 764 1583 Cfr.
814 1541 998 1582 Eustath.
1041 1540 1095 1582 ad
1127 1541 1181 1583 Jl.
1224 1559 1264 1598 p.
1299 1540 1402 1590 671,
1441 1543 1506 1584 15.
1557 1557 1602 1597 Ρ.
1636 1539 1746 1589 467,
1790 1541 1860 1582 37.
1912 1555 2051 1598 neque
2084 1555 2188 1580 nova

207 1617 334 1659 tradit
381 1618 614 1675 Hesychius
667 1629 707 1662 et
753 1617 1003 1675 Apollonius
1045 1619 1239 1676 Sophista
1289 1617 1433 1660 lexico.
1509 1617 1593 1660 Cfr.
1644 1620 1806 1658 Passov.
1855 1617 1935 1659 lex.
1987 1633 2045 1673 gr.
2089 1633 2117 1657 s.
2154 1634 2186 1658 v.

207 1695 341 1753 Etym.
379 1695 492 1744 776,
526 1695 596 1739 25.

333 1772 373 1811 3.
438 1771 487 1810 In
521 1768 768 1825 explicanda
800 1785 899 1810 voce
940 1766 1232 1827 ὑλακόμωρος
1275 1771 1532 1827 conspicitur
1581 1769 1756 1809 mirifica
1801 1767 2006 1824 quaedam
2060 1770 2190 1808 inter-

202 1846 401 1904 pretandi
434 1846 618 1886 varietas.
681 1845 789 1884 Nam
841 1844 1037 1886 dicuntur
1076 1842 1365 1900 ὑλακόμωροι
1397 1842 1441 1883 οἱ
1475 1841 1575 1899 περὶ
1614 1842 1702 1900 τὴν
1734 1842 1908 1890 ὑλακὴν
1939 1842 2190 1900 μεμορημέ-

205 1933 300 1973 νοι,
337 1915 363 1961 ὅ
397 1919 502 1960 ἐστι
539 1917 865 1973 πεπονημένοι,
918 1917 1196 1966 ἐκταθέντος
1235 1917 1313 1959 καὶ
1360 1917 1500 1960 πάλιν
1540 1921 1625 1960 τοῦ
1655 1933 1681 1961 ο
1713 1921 1791 1969 τῆς
1826 1918 2189 1976 παραληγούσης.

205 1997 391 2037 Eustath.
421 1994 475 2035 ad
509 1994 590 2034 Od.
624 2011 664 2050 p.
705 1993 834 2043 1749,
868 1995 938 2037 37.
989 1994 1073 2034 Cfr.
1107 1994 1305 2049 Apollon.
1338 1994 1468 2050 Soph.
1504 1995 1582 2035 lex.
1617 2011 1646 2036 s.
1680 2012 1715 2035 v.
1748 1996 1881 2050 Etym.
1917 1993 2020 2043 776,
2056 1996 2126 2036 21.

329 2069 478 2113 Aliter.
512 2070 747 2112 Eustathius
782 2068 933 2110 eodem
964 2067 1060 2110 loco
1109 2069 1211 2110 haee
1242 2073 1438 2119 servavit,
1482 2068 1774 2128 ὑλακόμωροι
1806 2069 1851 2111 οἱ
1883 2068 1985 2127 περὶ
2016 2068 2189 2117 ὑλακὴν

208 2143 286 2186 καὶ
317 2143 528 2202 φυλακὴν
560 2140 703 2198 ὄντες,
737 2143 863 2202 παρὰ
894 2142 978 2191 τὴν
1000 2139 1135 2202 ὤραν,
1155 2143 1238 2192 τὴν
1272 2144 1497 2199 φυλακήν,
1526 2141 1603 2187 ἵνα
1635 2141 1722 2188 εἶεν
1756 2143 2024 2204 ὑλακόωροι,
2057 2146 2190 2187 πλεο-

206 2219 436 2268 νάσαντος
470 2214 521 2262 δὲ
553 2216 638 2263 τοῦ
671 2234 706 2275 μ
736 2217 1042 2276 ὑλακόμωροι.
1095 2222 1181 2261 Cfr.
1216 2223 1397 2261 Dammii
1429 2221 1507 2263 lex.
1542 2223 1701 2262 homer.
1731 2238 1759 2262 s.
1794 2238 1829 2262 v.

330 2297 477 2342 Aliter.
510 2297 629 2339 Idem
662 2298 895 2339 Eustathius
929 2297 982 2337 ad
1015 2297 1097 2341 Od,
1129 2315 1174 2353 Ρ.
1210 2296 1338 2346 1749,
1373 2296 1443 2339 34.
1478 2300 1536 2338 sic
1568 2299 1715 2345 habet,
1748 2295 2037 2352 ὑλακόμωροι
2068 2296 2190 2336 κατὰ

209 2374 293 2429 μεν
324 2368 636 2431 Αρίσταρχον
670 2368 919 2429 ὀξύφωνοι,
961 2370 1056 2413 ἐπεὶ
1088 2369 1165 2413 καὶ
1197 2372 1338 2430 μόρον
1372 2387 1417 2414 εν
1451 2368 1607 2421 ἄλλοις
1641 2369 1844 2421 &nmen
1877 2370 2096 2428 λέγεσθαι
2131 2372 2188 2412 τὸ

210 2445 308 2503 ὀξύ,
339 2444 363 2490 ὃ
397 2445 591 2499 ἐξετάθη
625 2463 670 2490 εν
703 2450 768 2505 τῷ
801 2445 1102 2509 ὑλακόμωροι.
1153 2450 1237 2490 Cfr.
1269 2450 1401 2507 Etym.
1437 2450 1601 2502 776,2
1577 2453 1647 2494 ..2.
1693 2451 1825 2503 Quam
1860 2449 2032 2507 quidem
2062 2452 2190 2491 inter-

208 2527 489 2584 pretationem
521 2543 543 2565 a
573 2525 714 2567 multis
758 2526 1034 2583 improbatam
1078 2541 1189 2574 esse,
1237 2525 1481 2582 intelligitur
1520 2542 1568 2565 ex
1609 2536 1694 2565 toto
1736 2525 1808 2565 illo
1847 2524 1941 2565 loco
1975 2526 2189 2565 Eustathii.

211 2599 325 2642 Illud
356 2596 499 2658 μόρον
520 2598 688 2657 Cypriis
712 2598 836 2641 fuisse
865 2597 923 2644 τὸ
959 2593 1052 2648 ὀξύ,
1087 2599 1303 2643 scholiasta
1328 2601 1459 2642 refert
1491 2601 1545 2642 ad
1567 2601 1617 2644 Jl.
1641 2596 1680 2652 ξ,
1697 2600 1798 2644 479.
1831 2602 1966 2659 Etym.
1992 2600 2093 2652 776,
2120 2602 2188 2643 23.
