2411 3275
225 752 316 805 Q
356 782 357 785 ,
671 768 680 777 s
1146 747 1185 802 s.
1219 751 1255 790 1.

337 832 579 877 carminum
609 831 920 874 homericarum
958 828 1341 887 interpretationem
1389 825 1461 883 qui
1495 837 1769 885 susceperunt
1784 856 1797 876 ,
1852 825 1979 868 multa
2013 839 2105 868 cum
2135 828 2179 869 in

216 912 365 960 rebus,
408 922 495 955 tum
542 909 587 961 in
629 909 766 949 verbis
813 905 1028 950 offendunt
1066 905 1171 946 mira
1214 902 1461 947 difficultatis
1503 905 1695 945 varietate
1741 902 1922 961 quadam
1964 904 2184 961 impedita3

218 1001 396 1045 quorum
427 986 505 1026 alia
534 998 616 1040 per
648 999 691 1025 se
727 984 866 1026 abdita
905 994 999 1025 sunt
1041 994 1082 1024 et
1121 990 1282 1023 retrusa
1325 980 1534 1037 tantisque
1583 981 1792 1022 vetustatis
1836 982 1951 1037 quasi
2000 982 2185 1021 tenebris

219 1063 400 1104 obducta
432 1063 590 1109 iacent,
628 1070 674 1100 ut
702 1075 758 1101 ne
789 1060 1000 1101 acerrimis
1034 1058 1208 1115 quidem
1240 1055 1612 1096 eruditissimorum
1650 1055 1865 1097 hominum
1913 1054 2057 1110 studiis
2108 1072 2187 1096 ne-

219 1151 306 1195 que
341 1122 681 1193 praestantissimi
725 1133 894 1191 ingenii
927 1132 1117 1175 acumine
1158 1147 1344 1190 unquam
1391 1130 1590 1172 illustrari
1635 1146 1762 1188 posse
1813 1131 2056 1183 videantur3
2108 1132 2188 1172 alia

221 1229 352 1271 eaque
385 1210 499 1252 haud
526 1225 658 1269 pauca
689 1207 945 1267 aliquamdiu
976 1208 1060 1250 visa
1092 1218 1188 1248 sunt
1218 1206 1526 1266 significationis
1567 1206 1824 1247 obscuritate
1855 1206 1984 1246 latere
2027 1218 2067 1246 et
2109 1222 2190 1263 per

220 1285 368 1337 multas
388 1288 585 1347 ⁴profecto
618 1298 767 1329 aetates
792 1285 1021 1337 latuerunt,
1053 1294 1201 1343 neque
1219 1276 1356 1325 tamen
1388 1299 1459 1324 sua
1491 1295 1636 1324 natura
1663 1285 1873 1342 ingentem
1907 1281 2190 1324 difficultatem

219 1369 318 1408 viris
350 1366 483 1409 doctis
513 1365 729 1422 parabant,
761 1363 840 1405 sed
870 1364 922 1405 ab
954 1364 1132 1420 antiquis
1163 1352 1424 1419 potissimum
1443 1362 1615 1403 Homeri
1645 1361 1942 1417 interpretibus
1976 1372 2059 1401 tam
2081 1360 2190 1401 male

221 1442 361 1483 habita
403 1451 515 1483 sunt·
533 1450 700 1497 tamque
752 1438 939 1481 mirifice·
967 1436 1140 1480 distorta
1176 1437 1447 1486 coniecturis,
1489 1447 1535 1478 ut
1574 1436 1647 1494 qui
1691 1436 1996 1477 observationes
2046 1450 2191 1476 eorum

222 1517 411 1574 legisset,
457 1512 714 1556 dissensione
749 1525 873 1571 atque
917 1514 1160 1571 opinionum
1201 1514 1376 1554 vanitate
1410 1514 1527 1570 quasi
1560 1513 1805 1553 obcaecatus
1848 1512 1903 1552 de
1946 1527 2017 1552 sua
2057 1513 2192 1551 inter-

222 1590 459 1646 pretatione
490 1604 576 1631 non
607 1591 662 1629 ita
694 1588 872 1629 multum
904 1587 1043 1628 salutis
1066 1603 1238 1644 sperare
1271 1601 1425 1645 posset.
1487 1588 1594 1629 Nam
1625 1599 1671 1628 ut
1698 1588 1786 1628 aliis
1814 1588 2053 1629 nominibus
2086 1589 2193 1628 vitu-

223 1662 404 1721 perandi
442 1675 536 1705 sunt
572 1662 737 1721 linguae
775 1660 1063 1719 indagatores,
1114 1663 1172 1704 ita
1218 1665 1392 1706 maxime
1432 1665 1476 1706 in
1507 1665 1689 1706 Homero
1722 1675 2019 1720 peccaverunt,
2075 1661 2192 1720 quod

223 1740 347 1799 plura
378 1738 602 1791 vocabula,
631 1753 809 1797 quorum
840 1739 1127 1797 cognationem
1147 1738 1406 1781 doctissimus
1439 1741 1617 1797 quisque
1650 1740 1870 1797 probatam
1902 1738 2193 1797 perspectam-

226 1832 319 1873 que.
341 1817 493 1865 habet,
521 1816 681 1872 singula
698 1815 981 1856 .considerant
1011 1826 1053 1856 et
1083 1831 1134 1855 ex
1165 1817 1440 1856 suonrbitrio
1471 1826 1631 1855 temere
1665 1815 1893 1870 explicant,
1925 1817 2085 1855 ratione
2118 1817 2193 1854 ha-

226 1893 314 1934 bita
348 1892 435 1934 eius
467 1891 724 1939 sententiae,
757 1906 882 1948 quam
914 1905 985 1931 sua
1012 1890 1091 1931 sibi
1117 1890 1377 1949 impudentia
1408 1890 1625 1933 finxerunt.
1702 1889 1752 1931 In
1786 1906 1869 1948 quo
1904 1890 2075 1948 quidem
2110 1903 2195 1933 stu-

229 1968 299 2010 dio
332 1969 426 2026 vani
458 1968 714 2015 coniectores
751 1980 927 2023 operam
962 1981 1188 2024 curamque
1229 1969 1395 2025 egregie
1436 1977 1700 2016 consumunt,
1747 1978 1793 2007 ut
1824 1982 2000 2025 quorum
2032 1980 2192 2008 mentes

230 2049 309 2085 gua·
327 2044 518 2084 'doctrina
548 2043 756 2084 illustrare
790 2043 994 2090 debeant,
1024 2044 1082 2082 iis
1122 2042 1394 2099 ipsis-lucem
1426 2044 1603 2098 eripiant
1641 2055 1682 2084 et
1714 2045 1832 2100 quasi
1870 2056 2033 2085 noctem
2064 2061 2194 2100 quan-

231 2120 328 2162 dam
357 2119 483 2161 rebus
528 2117 749 2161 offundant.
836 2117 923 2160 Sed
964 2129 1010 2160 ut
1048 2119 1130 2176 quo
1173 2106 1383 2177 pertineat
1417 2118 1524 2160 haec
1556 2121 1648 2160 mea
1680 2119 1976 2177 reprehensio,
2014 2120 2193 2177 ingenue

231 2197 381 2246 fatear,
424 2210 501 2253 ego
533 2209 631 2236 vero
658 2196 803 2252 &cogito
834 2194 889 2236 de
921 2194 1134 2236 vocabulis
1161 2195 1382 2236 homericis
1430 2197 1475 2235 in
1503 2198 1702 2238 ΜΩΡΟΣ
1719 2194 2037 2243 desinentibus,
2089 2213 2194 2252 quae

231 2273 310 2315 tria
339 2283 455 2323 suut,
475 2267 697 2330 fidumque,
727 2270 780 2312 ΙΙ.
809 2265 857 2325 δ,
879 2268 991 2316 “2’42.
1022 2265 1069 2324 ξ,
1101 2269 1204 2314 479.
1243 2268 1569 2329 ἑγχεσίμωρος,
1600 2270 1651 2312 Jl.
1681 2267 1725 2328 β,
1759 2271 1861 2316 692.
1893 2270 1995 2314 840.
2028 2286 2067 2322 η,
2096 2271 2194 2314 134.

233 2350 316 2391 Od.
344 2362 385 2405 γ,
420 2348 519 2391 188.
549 2345 866 2406 ὑλακόμωρος,
900 2347 983 2388 Od.
1003 2342 1062 2400 ξ,
1096 2347 1176 2390 29ω
1197 2360 1250 2401 π,
1283 2346 1324 2389 4.
1357 2347 1616 2405 adiungimus
1650 2359 1862 2404 quartum,
1907 2347 2020 2404 quod
2051 2363 2194 2397 unum,

233 2428 277 2467 ni
310 2425 454 2476 fallor,
487 2423 647 2466 accedit
677 2423 909 2474 Herodoti,
942 2421 1218 2482 σινάμωρος,
1248 2424 1301 2473 V,
1334 2422 1405 2465 92.

358 2501 443 2551 Iam
475 2514 597 2555 voces
622 2498 719 2540 illas
746 2499 1065 2541 homericusab·
1095 2500 1273 2557 antiquis
1309 2498 1409 2540 inde
1451 2497 1706 2555 temporibus
1742 2496 1796 2537 ad
1841 2508 2024 2538 nostram
2063 2513 2193 2554 usque

237 2589 413 2620 aetatem
446 2575 722 2619 diversissima
744 2574 914 2618 *ratione
948 2576 1170 2635 explicatas
1206 2590 1314 2625 esse,
1356 2575 1476 2617 facile
1518 2572 1769 2629 intelligunt,
1818 2574 1890 2629 qui
1922 2564 2195 2629 interpretum

235 2657 280 2696 in
323 2656 494 2698 Homeri
535 2655 712 2699 carmina
755 2654 1071 2698 commentarios
1104 2653 1309 2698 evolvunt.
1397 2653 1579 2704 Quarum
1625 2650 1866 2706 opinionum
1908 2666 1983 2707 age
2025 2651 2196 2694 brevem

1925 2729 1945 2767 1
