2411 3275
347 348 490 392 Aliter.
525 346 734 405 ἰόμωροι,
777 345 822 390 οἱ
854 346 1000 398 ἰόντες
1031 346 1106 391 ἐπὶ
1137 345 1221 392 τὸν
1250 349 1412 409 μόρον,
1453 346 1549 394 οἷον
1583 350 1788 411 ἄψυχοι·
1850 350 1943 394 ἀπὸ
1978 357 2060 394 τοῦ
2093 366 2199 412 πρυ-

227 424 378 482 φανῶς
416 421 489 464 ἐπὶ
532 421 616 471 τὴν
655 421 885 465 ἀπώλειαν
920 422 1050 466 ἱέναι.
1113 426 1335 483 Dionysius
1378 412 1518 468 Thrax
1556 429 1669 485 apud
1706 428 1905 485 Apollou.
1947 428 2075 485 Soph.
2121 430 2195 468 lex.

223 501 333 543 hom.
367 516 397 541 s.
427 516 461 541 v.

313 577 317 581 ’
349 575 492 617 Aliter.
526 572 711 636 ἰόμωροι
741 590 847 628 non,
880 587 925 618 ut
958 575 1081 636 vulgo
1114 576 1331 629 iudicatur,
1364 578 1415 620 ab
1451 576 1530 629 ἰός,
1562 580 1739 635 sagitta,
1772 577 1848 620 sed
1881 580 1931 619 ab
1970 579 2051 628 ἴον,
2076 579 2197 627 viola,

225 651 498 695 derivandum
523 652 809 705 -existimatur3
842 650 910 702 ἰός
943 655 1051 695 enim
1085 647 1363 712 penultimam
1391 655 1642 714 productam
1676 656 1823 705 habet,
1859 656 1925 697 ῖον
1957 672 2055 698 vero
2088 672 2196 697 sem-

224 744 306 787 per
341 741 586 787 correptam.
652 731 791 782 Quare
824 731 868 770 in
901 731 1073 772 Homeri
1101 730 1204 771 locis
1235 747 1311 773 vox
1338 731 1562 772 reddenda
1597 742 1682 781 est,
1730 731 1811 772 fato
1840 731 1970 772 violae
2004 732 2195 773 destinati

222 806 262 845 h.
298 821 331 846 e.
364 806 502 846 brevis
536 807 651 847 vitae.
719 808 832 848 Haec
861 806 948 848 sere
981 809 1212 850 observavit
1238 808 1442 849 Antonius
1475 806 1699 856 Askevius‚
1732 806 1920 848 laudatus
1954 807 2194 848 abAlberto

223 881 274 921 ad
307 881 561 937 Hesychium
594 898 623 923 s.
661 898 695 923 v.
733 878 933 940 ἰόμωροι.

344 957 487 1001 Aliter.
520 959 704 1016 Heynius
739 958 792 999 ad
822 959 873 998 Jl.
906 959 957 998 T.
984 960 1057 1009 IV,
1088 974 1129 1015 p.
1154 956 1260 1002 604.
1290 970 1434 997 vocem
1468 957 1679 1014 antiquam
1710 971 1824 1006 esse,
1856 971 1993 1013 neque
2028 956 2080 995 de
2106 958 2195 997 eius

220 1033 284 1080 vi,
320 1048 444 1072 sensu
480 1045 521 1073 et
555 1046 693 1090 etymo
730 1035 893 1092 liquere
927 1036 1150 1085 existimat3
1185 1035 1352 1076 coniicit
1386 1045 1552 1083 tamen,
1581 1032 1828 1074 vocabulum
1858 1033 1952 1073 duci
1986 1048 2109 1089 posse
2142 1034 2192 1072 ab

220 1109 307 1158 ῖος,
353 1106 516 1161 μόνος,
561 1121 607 1149 ut
641 1110 926 1166 significenttu·
960 1110 1107 1151 eodem
1141 1111 1222 1152 fato
1265 1112 1367 1159 nati,
1412 1109 1493 1150 vel.
1525 1124 1648 1166 pares
1693 1123 1906 1149 aerumnas
1955 1106 2192 1149 tolerantes.

218 1182 336 1223 Idem
370 1185 430 1223 vir
459 1183 604 1225 doctus
638 1200 723 1225 non
755 1184 918 1227 videtur
948 1201 1138 1227 recusare
1171 1186 1338 1227 Askevii
1375 1186 1778 1242 interpretationem,
1825 1184 1901 1224 sed
1946 1200 2035 1224 eam
2069 1185 2194 1224 ratio-

218 1246 313 1298 nem
344 1260 561 1315 sequitur,
594 1271 718 1317 quam
747 1259 800 1301 de
833 1261 978 1301 eadem
1010 1276 1110 1303 voce
1142 1263 1438 1318 Koeppenium
1471 1263 1657 1301 statuisse
1686 1259 1895 1307 videmus,
1929 1271 1973 1299 ut
2004 1261 2193 1300 homines

216 1334 389 1374 miseros
416 1334 593 1374 indicari
622 1336 740 1387 velit3
772 1338 816 1375 in
850 1338 963 1377 cuius
995 1338 1059 1377 rei
1091 1337 1405 1379 similitudinem
1439 1338 1616 1378 afferunt
1642 1336 1904 1377 homericum
1936 1335 2042 1376 illud
2087 1348 2195 1392 πορ-

215 1405 380 1467 φύρεος
424 1406 642 1458 θάνατος.
708 1410 792 1452 Sed
825 1422 870 1453 ut
903 1411 957 1453 de
984 1413 1207 1454 verborum
1240 1429 1362 1455 sensu
1389 1427 1502 1454 nunc
1540 1424 1723 1461 taceam,
1759 1412 1851 1468 quis
1883 1411 2052 1451 haereat
2080 1411 2195 1468 apud

216 1486 444 1526 Homerum
476 1488 520 1526 in
549 1487 700 1527 vocalis
735 1490 925 1545 ancipitis
957 1501 1102 1529 natura
1133 1489 1338 1545 urgenda,
1373 1490 1548 1529 maxime
1572 1504 1701 1545 quum
1727 1489 1770 1526 in
1798 1487 2055 1542 longioribus
2078 1504 2193 1527 com-

213 1562 444 1619 positisque
477 1561 689 1603 vocabulis
724 1564 813 1603 soni
853 1564 1025 1604 suavitas
1058 1565 1247 1621 inprimis
1283 1564 1556 1604 observetur?
1619 1564 1783 1604 Etenim
1819 1562 1900 1603 illis
1942 1562 2087 1604 litteris
2130 1563 2181 1602 ad

208 1638 446 1680 facilitatem
477 1655 617 1680 versus
650 1639 861 1696 pangendi
893 1642 1067 1681 maxima
1099 1652 1223 1697 atque
1257 1640 1403 1682 eadem
1446 1640 1617 1681 libertas
1653 1654 1850 1681 concessa
1894 1651 2007 1689 erat,
2059 1656 2181 1696 quam

208 1713 419 1755 vocalibus
452 1728 471 1754 ε
505 1727 545 1755 et
575 1729 600 1755 ο
635 1730 872 1757 concessam
899 1716 1105 1768 videmu53
1149 1728 1446 1773 praeterquam
1487 1715 1601 1771 quod
1643 1716 1685 1753 in
1725 1715 1787 1754 his
1829 1714 2000 1770 quidem
2031 1727 2177 1770 postea

207 1787 393 1831 diversae
425 1788 584 1830 formae
619 1788 822 1832 diversam
853 1802 1039 1831 naturam
1071 1792 1377 1847 significarunt,
1422 1792 1465 1830 in
1495 1790 1577 1830 illis
1610 1791 1720 1830 varia
1758 1791 1848 1830 soni
1888 1791 1946 1830 xis
1979 1805 2060 1829 una
2095 1793 2181 1830 lor-

203 1866 382 1906 matione
416 1879 610 1921 expressa
644 1877 716 1924 est.
781 1867 918 1907 Habes
953 1871 1158 1925 μυρῖκαι,
1199 1868 1249 1908 Π.
1282 1872 1344 1924 φ,
1380 1868 1479 1909 350.
1519 1866 1593 1906 sed
1622 1876 1883 1923 μυρῖκῃσιν,
1927 1865 1977 1905 Jl.
2010 1871 2075 1922 φ,
2112 1866 2178 1906 18.

205 1943 390 1998 itemque
431 1938 833 1999 φοινῑκοπαρᾴους,
878 1942 958 1982 Od.
993 1941 1041 1995 λ,
1096 1944 1193 1985 123.
1237 1943 1314 1983 sed
1356 1939 1713 1999 φοινῖκόεσσαν,
1762 1941 1815 1982 Π.
1845 1955 1891 1992 κ,
1941 1942 2038 1983 133.
2089 1940 2178 1979 alia.

204 2019 341 2068 Quare
374 2017 427 2058 de
456 2019 495 2058 vi
523 2020 693 2059 metrica
725 2017 914 2060 vocabuli
937 2015 1127 2075 ἱόμωρος
1159 2018 1296 2059 nullus
1326 2020 1406 2059 nisi
1433 2019 1639 2060 morosior
1670 2018 1906 2060 homericae
1936 2014 2175 2072 simplicita-

201 2094 249 2132 tis
282 2094 491 2151 interpres
521 2092 671 2133 dubius
707 2108 795 2134 esse
828 2104 985 2151 potest,
1036 2109 1176 2151 neque
1223 2094 1341 2135 facile
1376 2109 1627 2152 quemquam
1665 2095 1852 2134 existimo
1886 2094 1928 2131 in
1962 2103 2172 2149 posterum

200 2170 386 2224 sagittam
420 2184 507 2208 esse
542 2183 636 2208 cum
669 2169 775 2210 viola
806 2181 1149 2226 permutatumm.

319 2242 463 2284 Aliter.
495 2244 771 2302 Koeppenius
804 2244 857 2285 ad
888 2244 938 2286 Π.
974 2240 1016 2296 δ,
1039 2244 1139 2288 242.
1182 2245 1272 2298 (cfr.
1308 2244 1361 2285 ad
1392 2244 1443 2285 Π.
1473 2241 1517 2302 β,
1549 2243 1669 2296 692.)
1701 2256 1815 2285 recte
1851 2243 2020 2300 quidem
2053 2243 2172 2282 vertit

196 2333 342 2359 vocem
376 2312 578 2377 ἷόμωρος,
603 2320 679 2360 scd
699 2336 926 2378 perperam
948 2324 1267 2379 interpretatur,
1300 2322 1453 2377 partim
1483 2332 1669 2361 veterum
1704 2333 1863 2361 errores
1896 2315 2170 2372 amplectens,

196 2411 323 2452 quum
358 2395 471 2445 dicit,
504 2395 655 2436 milites
700 2398 922 2454 significari
962 2400 1137 2440 miseriis
1176 2397 1432 2455 designatos,
1483 2397 1636 2454 partim
1668 2396 1814 2438 violam
1858 2392 1969 2432 illam
2002 2392 2170 2433 Askevii

193 2472 415 2527 arripiens,
449 2473 492 2511 in
526 2487 605 2527 qua
640 2471 774 2513 solum
807 2473 995 2515 colorem
1018 2475 1296 2532 nigricantem
1327 2472 1636 2531 respiciendum
1669 2484 1758 2511 esse
1791 2478 1959 2516 censet,
1992 2468 2046 2506 ita
2080 2467 2170 2506 sci-e

192 2558 235 2587 ut
268 2547 349 2587 sint
377 2558 488 2588 atrae
520 2548 643 2588 morti
676 2547 882 2599 destinati,
904 2551 1134 2593 rationibus
1158 2551 1388 2609 depromtis
1425 2567 1474 2591 ex
1507 2546 1629 2590 simili
1664 2545 1961 2603 compositione
1996 2534 2170 2590 ἱοειδής,

190 2620 496 2678 ἱοπλόκαμος,
529 2620 849 2683 ἱοβόστρυχος.
